2790 5258
88 589 138 642 ttt
400 591 682 644 COMMENTARIUS
698 593 737 645 in
751 591 894 674 tivtuit.
924 595 968 657 ii,
985 595 1026 647 is.

92 719 226 782 animique
245 735 299 770 tion
321 719 407 768 minus
428 721 495 783 grati
519 737 609 772 sensu:
633 721 689 771 haec
723 730 793 773 certo
813 728 965 785 argumento
986 720 1090 786 probari
1113 727 1215 784 potest.
1248 719 1320 770 Nan

135 798 169 831 ne
181 785 296 846 languet,
315 792 341 832 et
349 783 382 831 ab
393 784 439 832 illa
453 787 530 833 nimis
540 787 616 848 longe
628 784 689 834 abii.
722 786 791 848 quod
812 785 926 834 libertini
948 786 981 833 ab
1001 784 1042 832 liis
1060 785 1088 832 in
1104 793 1218 846 quatuor
1236 783 1319 832 tribue

122 862 172 895 unc
181 849 265 906 video,
277 848 342 896 banc
353 847 431 895 etiam
445 847 604 911 displicuisse
613 849 686 897 Crcv.
722 849 835 897 urbanas
853 849 949 897 redacti
963 849 1093 906 dicuntur,
1111 847 1137 895 id
1148 863 1202 897 non
1213 861 1320 897 neusse

93 910 139 972 qui
151 910 235 968 docet,
249 925 309 959 euin
319 909 419 969 husfirio
432 913 513 960 aridos
527 912 628 961 honorus
638 927 687 960 ser·
723 919 762 960 est
779 911 811 960 de
831 912 950 960 omuibus
971 913 1028 960 sine
1048 912 1198 973 exceptione
1218 910 1322 972 edcipss

92 972 180 1034 mai,
191 974 234 1035 qui
246 974 368 1024 beneficio
380 989 395 1022 a
406 990 434 1024 se
444 976 545 1025 conlato
556 976 633 1024 verba
643 975 689 1024 ad·
723 989 804 1036 quum
813 974 880 1022 nihil
890 975 983 1034 obstet,
1000 988 1050 1036 qun
1059 975 1143 1022 minus
1152 981 1181 1023 et
1189 973 1218 1022 in
1228 988 1317 1023 eorum

95 1036 310 1098 dtthonoriiica3
328 1039 370 1086 liic
382 1044 500 1087 verohon
513 1040 555 1102 egi
568 1039 599 1086 de
609 1039 688 1087 bene·
724 1051 833 1085 censura
848 1046 874 1086 et
890 1047 950 1086 ante
965 1053 1024 1086 eain
1039 1035 1165 1085 libertinis
1186 1036 1318 1087 nonnullis

95 1100 156 1148 ficio
173 1100 317 1149 Masinissa:
334 1103 361 1149 iii
379 1102 518 1159 Romanos,
536 1103 580 1150 sed
591 1102 688 1150 liuma-
723 1099 820 1162 aliquid
837 1100 955 1149 beneficii
972 1117 989 1149 a
1005 1116 1033 1149 re
1051 1099 1154 1162 publica
1173 1100 1254 1149 tribui
1271 1113 1319 1162 po·

93 1177 188 1211 norum
198 1163 224 1210 in
237 1162 411 1223 Masinissam,
428 1164 496 1226 quod
510 1164 688 1213 huicdebcre-
722 1165 808 1212 tuerit.
842 1163 1005 1221 Prietereaii,
1022 1162 1091 1225 quod
1101 1161 1318 1221 Liviusdiciiffl-

93 1233 137 1275 tur
146 1225 178 1273 ob
187 1233 345 1275 constantem
354 1229 447 1289 tidem3
460 1229 573 1290 aciesque
582 1227 690 1276 comiter
722 1225 813 1274 bertium
831 1229 856 1275 iii
874 1237 970 1290 mutuor
990 1227 1060 1274 tribur
1080 1226 1178 1275 urium
1202 1228 1322 1287 dacriptsa

94 1295 212 1336 nuatum
220 1288 320 1339 elevare
328 1291 480 1338 beneficium
489 1305 564 1339 suum
572 1290 686 1347 fatendo,
723 1288 811 1349 fuisse,
823 1291 849 1340 id
861 1306 877 1339 a
887 1290 917 1341 L.
928 1291 1033 1341 AEiriiliu
1045 1297 1071 1338 et
1080 1290 1111 1338 C.
1122 1290 1321 1341 flaminioceii·

93 1352 210 1402 debitum
231 1352 310 1400 tuisse
332 1353 487 1410 Masinissae,
511 1354 633 1416 quidquid
650 1353 688 1401 illi
723 1354 821 1420 sprilms
838 1354 936 1402 iactum
955 1365 1003 1412 est,
1019 1361 1049 1401 ut
1066 1360 1135 1401 tecte
1153 1362 1230 1416 putat
1244 1355 1322 1416 Sigo-

93 1414 236 1479 praestitum
248 1415 327 1464 suerit
337 1418 453 1479 apopulo
463 1417 553 1478 Rom.;
565 1424 688 1480 praeterea
722 1417 793 1465 nius:
809 1418 925 1480 excepiio
940 1417 1026 1465 addita
1041 1422 1129 1478 aperte
1145 1417 1319 1476 demonstrat,

92 1479 155 1542 grati
165 1478 213 1525 viri
223 1492 288 1538 esse,
298 1481 416 1528 extollere
428 1481 582 1528 beneficium
595 1480 686 1542 edcep·
722 1478 865 1539 libertinos,
882 1481 1032 1543 piiibntfilins
1040 1481 1177 1542 quinquenni
1184 1483 1324 1542 indum,

93 1542 398 1602 tum,nonasedaturn.
431 1542 578 1591 ldemrecte
588 1550 687 1601 monet,
723 1542 755 1589 ab
778 1543 817 1591 bis
836 1545 862 1592 in
883 1546 962 1595 tribus
980 1543 1091 1593 urbanas
1109 1560 1161 1595 uon
1178 1545 1319 1604 descriptos

92 1612 175 1654 totam
192 1603 258 1652 hanc
275 1607 416 1653 orationem
433 1607 459 1655 in
481 1621 511 1654 eo
526 1620 590 1665 esse,
606 1612 636 1652 ut
647 1621 687 1653 se·
721 1605 809 1656 fuisse.
840 1607 915 1669 Quod
931 1608 953 1665 si
971 1608 1028 1669 quis
1050 1615 1158 1680 quartat,
1179 1611 1207 1655 in
1225 1607 1321 1668 quihus

91 1676 171 1718 natus
192 1667 313 1716 comitate
335 1678 361 1717 et
384 1669 502 1718 laudibus
525 1677 605 1718 certet
627 1683 686 1716 cuin
723 1682 784 1732 ergo
794 1670 911 1718 tribubus
919 1671 990 1719 abiis
999 1683 1068 1719 censi
1078 1669 1194 1720 inerint?
1212 1686 1319 1734 respon·

91 1730 241 1782 Masinissa
249 1731 417 1790 gratulatione
426 1733 589 1780 etmodestia.
617 1732 688 1781 Hinc
724 1731 793 1780 debit
805 1734 857 1796 ipse
868 1733 964 1795 livius,
973 1737 1056 1795 jussos
1067 1733 1147 1783 luisse
1157 1735 1269 1794 censeri,
1280 1736 1321 1782 idi

92 1801 122 1844 et
140 1794 204 1842 bene
222 1796 288 1840 niox'
300 1798 367 1856 conj.
382 1804 404 1842 ct
425 1796 490 1844 illino
497 1795 590 1860 scaenis
608 1796 688 1856 populo
719 1797 816 1856 proximo
833 1797 903 1846 lustro
920 1800 979 1845 rand
990 1805 1069 1858 meist,
1086 1797 1102 1844 i.
1111 1813 1134 1845 e.
1152 1799 1181 1846 iii
1199 1798 1288 1858 alique
1301 1815 1319 1847 e

92 1855 265 1920 &unguina
275 1859 414 1919 mutumne
431 1862 515 1908 sirints
528 1876 577 1908 suu.
609 1859 689 1908 Postea
722 1859 838 1909 tribubus
855 1860 970 1909 rusticis:
988 1877 1049 1909 nain
1064 1870 1156 1922 praeter
1168 1860 1281 1909 urbanas
1291 1870 1323 1910 at

92 1925 164 1973 trium
174 1938 251 1985 regum
262 1931 310 1970 oet.
723 1923 830 1970 rusticas
847 1924 903 1973 aliie
914 1932 1057 1973 nouerant
1091 1923 1320 1985 Equibusverhia

126 1990 150 2037 3.
165 1986 314 2046 micernium
325 2000 414 2051 regnor,
430 1986 550 2050 Philippi,
566 1985 686 2035 Antiochi
720 1985 799 2034 simul
810 1995 887 2049 potet,
899 1987 925 2036 id
939 1991 993 2050 jain
1005 1995 1064 2035 ante
1075 1985 1122 2035 bos
1133 2001 1251 2035 censores
1261 1986 1325 2036 aliis

79 2051 228 2108 'etl’ersei,
239 2049 265 2097 li.
276 2065 298 2096 e.
307 2064 365 2098 curii
378 2052 420 2109 iis,
431 2052 595 2111 belibdeiuoeps
606 2051 641 2112 (r.
652 2051 686 2099 ad
721 2048 809 2097 datum
828 2049 914 2099 inisse.
947 2051 1015 2099 Nam
1026 2065 1107 2112 quum
1125 2065 1168 2108 ea,
1185 2051 1207 2097 si
1224 2049 1258 2098 ad
1272 2050 1320 2101 bo-

96 2113 223 2175 1,21,8.)
242 2114 537 2179 mruibirsflo.r.3l,lil.
552 2115 684 2173 36,i.42,
723 2127 779 2160 rum
800 2127 936 2162 censuram
957 2128 1007 2161 non
1034 2115 1192 2171 referuntur,
1217 2113 1319 2163 nullum

93 2181 135 2230 29.
151 2204 184 2214 -
198 2178 259 2238 oprid
276 2193 324 2225 suos
340 2187 436 2239 pinnen
456 2179 542 2237 domii
562 2191 614 2225 uon
633 2175 685 2223 Ru·
723 2175 783 2223 cc'rii
806 2176 928 2240 temporis
949 2184 1037 2224 notam
1057 2177 1218 2237 contineant,
1241 2191 1319 2226 nemo

91 2257 153 2292 mie.
169 2266 202 2276 -
217 2257 260 2290 rasi
278 2257 290 2290 c
307 2259 355 2304 rep.
372 2243 449 2305 popuii*
471 2239 535 2288 lirin.
548 2242 576 2288 i.
594 2239 626 2288 ad
642 2240 685 2298 ³4,
722 2238 859 2287 divinando
880 2240 984 2301 adsequi
1008 2246 1100 2303 potest,
1129 2241 1262 2300 quodnam
1285 2242 1322 2290 sit

91 2306 171 2364 34,3.
718 2303 1023 2364 piucioiuinillndlnstrnm.
1047 2302 1321 2365 Quidadlibertinos,

127 2372 151 2417 t.
168 2365 251 2416 Hunno
266 2368 401 2418 Honiilcoiir
413 2367 476 2427 filins
491 2368 545 2415 iliu
562 2382 607 2429 pro
618 2366 689 2428 liutpei
724 2365 769 2428 qui
788 2369 870 2426 prandia
891 2369 974 2415 initiae
993 2369 1064 2428 piloris
1083 2366 1207 2414 intertium
1226 2371 1322 2432 arigisi·

91 2444 125 2478 ex
136 2432 237 2480 emend.
248 2433 332 2494 Sigon.
343 2438 385 2496 qui
398 2435 518 2482 lacunam
531 2432 556 2479 li.
568 2430 585 2476 l.
596 2431 631 2477 ita
643 2446 685 2477 ex·
721 2431 817 2479 millium
828 2431 960 2492 baberent,
977 2432 1084 2489 adtinet,
1101 2430 1205 2491 quiade
1215 2430 1256 2480 liis
1266 2448 1318 2480 nan

92 2495 162 2557 plat:
179 2496 344 2544 inmittimus
359 2496 504 2559 (cujusdam
516 2496 581 2541 elius
592 2493 686 2541 obsidis
722 2495 799 2552 idem,
824 2494 891 2556 quod
914 2495 944 2543 dc
966 2494 1103 2550 libertinis,
1126 2492 1221 2553 quibus
1248 2495 1324 2543 filins

92 2557 321 2620 Carthaginiensis,
333 2566 406 2623 cujus
415 2573 507 2607 nomen
517 2556 610 2605 interiit
614 2573 623 2616 i
639 2553 687 2601 iio-
722 2555 877 2620 quinquenni
891 2560 972 2618 major
984 2566 1058 2615 esset,
1074 2554 1180 2613 dicitur,
1197 2558 1322 2607 incertius

91 2636 151 2669 niam
158 2639 173 2669 a
181 2620 253 2670 Pariis
261 2627 395 2684 mitteretur,
406 2624 513 2680 remouit
521 2628 617 2677 uisatur,
625 2620 687 2667 laid
723 2630 771 2680 est,
782 2621 884 2682 quando
896 2621 940 2669 lios
949 2621 1118 2681 censendijus
1126 2619 1226 2667 suctum
1235 2620 1324 2670 suerit.

92 2699 179 2746 equum
188 2689 267 2748 υἰιὶονί,
277 2698 303 2737 iit
314 2690 393 2739 obsidet
401 2707 416 2737 n
427 2686 501 2737 Furiis
512 2686 602 2733 arbitrio
614 2683 685 2731 lian-
722 2685 792 2734 Natn
803 2685 869 2745 quod
882 2685 962 2732 Perit.
973 2688 999 2732 in
1009 2685 1078 2732 Diss.
1089 2682 1121 2729 de
1134 2682 1193 2744 lege
1205 2683 1322 2733 Voconia

91 2749 264 2813 ninoenigrret.
722 2764 746 2811 p.
760 2748 813 2795 169.
832 2748 856 2795 id
875 2747 982 2796 Claudio
1000 2755 1025 2795 et
1035 2745 1151 2794 Graccho
1169 2748 1320 2796 censoribus

105 2815 150 2862 ’5.
166 2816 209 2875 ipis
218 2819 342 2878 comiterque
351 2820 416 2883 regis,
434 2817 499 2865 inite
510 2816 577 2879 regii,
594 2821 638 2862 aut
650 2830 686 2862 re·
723 2813 817 2859 iactum
830 2811 929 2869 scribit,
941 2826 1031 2873 purum
1044 2806 1175 2874 probabile
1187 2821 1235 2859 cst.
1263 2811 1320 2859 l’ri·

89 2878 153 2940 guli,
165 2881 369 2941 autpmiGron.
397 2880 686 2930 Cf.n.l.-ursiimm-
723 2889 793 2923 muin
813 2875 881 2922 euim
893 2875 971 2922 verba
984 2874 1047 2922 Livii
1066 2873 1105 2921 lior
1115 2887 1185 2934 pisina
1195 2876 1230 2919 ito
1244 2889 1324 2922 aerm-

92 2951 118 2992 to
128 2943 191 3003 doto,
202 2944 217 2992 i.
228 2947 287 2996 dari.
723 2949 771 2988 inm
781 2947 840 2995 ruet,
853 2938 914 2985 nihil
925 2952 1024 2998 rorum,
1035 2952 1092 2999 quie
1105 2944 1164 2984 ante
1176 2937 1208 2985 de
1219 2937 1324 2987 liberti-

724 3005 762 3053 nis
784 3000 1050 3059 disertissimorum
1073 3014 1211 3048 censuram
1232 3001 1324 3050 referri

128 3077 200 3133 CAP.
223 3082 333 3147 15.)-l.
351 3079 381 3130 In
398 3087 492 3144 qiirtuor
508 3074 603 3122 tribunus
618 3073 688 3121 tribus
723 3066 862 3131 patiuntur.
894 3063 996 3112 Deinde
1015 3079 1066 3112 non
1086 3062 1160 3111 valde
1181 3064 1322 3113 verisimile

94 3156 143 3200 eet.
155 3148 181 3196 in
198 3148 240 3206 iis,
257 3163 314 3209 quse
325 3148 351 3194 h.
368 3148 384 3194 l.
396 3144 582 3196 desiderantur,
600 3136 688 3185 Livius
724 3141 771 3189 est,
786 3128 940 3204 Gracchum,
955 3129 999 3202 riui
1010 3129 1120 3190 primuni
1135 3141 1227 3174 omnes
1244 3127 1323 3176 liber·

95 3220 282 3262 memoraverat
310 3210 415 3258 comitia
439 3203 573 3254 consulum
596 3210 688 3262 preto·
724 3195 791 3244 tinos
803 3193 920 3242 omnibus
930 3192 1046 3240 tribubus
1056 3191 1150 3265 pellere
1161 3190 1321 3267 decreverat,

94 3290 213 3337 rumque,
232 3276 350 3336 (quorun,
368 3271 473 3320 uomina
485 3283 509 3314 v,
526 3280 581 3323 cap.
596 3264 643 3325 16.)
664 3271 689 3312 et
725 3273 805 3321 quum
816 3257 976 3312 obtinuisset,
994 3262 1025 3330 ut
1039 3268 1126 3304 omncs
1141 3268 1169 3301 in
1183 3268 1266 3327 unam
1277 3263 1322 3303 tri·

95 3338 201 3387 initium
220 3337 387 3385 consentionis
404 3336 432 3383 C.
449 3330 549 3381 Claudii
563 3326 646 3375 l’ulcri
664 3334 690 3373 et
725 3323 788 3371 huni
811 3320 936 3367 urbanam
960 3325 1156 3378 conjicerentur,
1182 3331 1209 3364 iii
1231 3333 1324 3367 eorum

94 3401 137 3450 Ti.
154 3399 297 3463 Sempronii
316 3398 425 3448 Gracchi
442 3408 575 3444 censorum
592 3390 627 3455 (i.
648 3391 690 3447 43,
725 3398 863 3433 numerum
882 3397 926 3430 cus
942 3383 1052 3443 recipere
1067 3380 1189 3455 voluisse,
1207 3383 1324 3441 quiante

95 3466 128 3513 li
151 3479 189 3525 sq.
212 3475 238 3512 et
258 3466 300 3519 di,
323 3463 373 3524 lit]
401 3463 433 3508 de
455 3454 588 3506 libertinis.
621 3452 690 3499 Nota
726 3449 751 3497 id
763 3457 1015 3508 tempiisiiuinqunm
1031 3459 1100 3492 censi
1116 3445 1246 3491 inerunt.”
1280 3445 1326 3492 ci.

59 3544 63 3553 ·
95 3527 196 3580 Dukeri
214 3535 266 3574 esi:
289 3528 308 3554 i‘
322 3526 360 3574 Ex
379 3540 419 3583 eo,
436 3520 503 3584 quod
522 3518 622 3575 Livius,
640 3514 690 3562 tria
726 3505 1326 3568 rd1,i:i‚22.9,iii,ii.e118.adEpii.xx,

95 3590 130 3640 de
141 3590 276 3645 libertinis,
288 3603 345 3649 quai
357 3597 415 3636 onte
427 3583 562 3632 Claudium
575 3588 600 3627 et
611 3579 690 3626 Grac·
727 3576 751 3648 ⁶:
762 3580 787 3622 et
798 3570 928 3627 LXXVll,
943 3572 964 3620 l
976 3572 1059 3645 intpp.
1071 3569 1128 3618 Val.
1139 3568 1211 3617 linx.
1223 3571 1250 3628 6,
1263 3573 1326 3631 5‚3.

95 3655 175 3705 chum
193 3666 311 3701 censores
330 3653 501 3705 obtinuerant,
524 3645 642 3699 referens,
659 3641 690 3689 de
727 3638 814 3699 Sigon.
833 3635 865 3683 de
876 3641 927 3683 aut.
942 3649 992 3696 iur.
1011 3649 1059 3682 cir.
1075 3633 1148 3681 lium.
1167 3634 1193 3690 1,
1204 3634 1230 3684 3.
1245 3635 1271 3693 2,
1285 3637 1323 3683 it.

97 3718 183 3780 primo
204 3715 324 3778 preteriti
341 3715 462 3778 temporis
480 3708 556 3758 verbo
575 3707 637 3755 dicit
653 3706 692 3752 dr·
728 3701 802 3764 Pigh.
814 3698 961 3747 inlinuad
972 3712 996 3772 ii.
1007 3698 1098 3771 ittet
1109 3697 1164 3770 ibi.
1251 3760 1257 3771 .

95 3782 248 3841 scriptierorit,
264 3778 393 3839 probabile
404 3778 442 3832 fit,
454 3788 513 3822 euin
523 3770 599 3819 etiam
609 3770 690 3831 scrip·
760 3769 784 3816 2·
799 3771 878 3825 imit?
892 3777 934 3822 ‘sti
948 3759 1100 3835 ‘lflifflifflim
1158 3775 1256 3820 “ilum
1272 3777 1323 3836 ΒΡ·

97 3841 480 3905 aissejnsuroutetsnciurierot.
508 3837 547 3884 Ex
556 3849 586 3881 eo
597 3840 691 3886 autem,
719 3831 761 3893 jor
779 3845 804 3876 er
820 3827 877 3876 SCto
893 3835 957 3873 esset:
979 3830 998 3853 “
1013 3822 1083 3873 lliuc
1133 3831 1211 3875 snut.
1226 3824 1258 3871 de
1275 3840 1326 3874 cir.

98 3907 169 3970 quod
180 3908 266 3971 paullo
278 3915 335 3967 post
345 3905 406 3954 dicit
416 3904 455 3951 ios
465 3916 532 3963 pirum
543 3900 574 3944 ito
583 3906 691 3951 munium
728 3895 802 3942 Rom.
813 3909 837 3954 p.
851 3893 888 3938 19.
899 3897 925 3937 et
936 3887 1030 3963 Grncb.
1039 3888 1070 3936 de
1089 3886 1249 3961 coin3Rnoi.
1262 3889 1289 3945 2,
1298 3892 1325 3936 t.

96 3981 158 4028 m,
173 3971 276 4019 evidens
297 3978 345 4026 est,
363 3969 418 4017 hoec
436 3965 523 4016 omni„
537 3970 596 4009 ante
615 3959 691 4008 Clau.
727 3973 751 4020 p.
772 3957 905 4005 ωλι-σοῖο
923 3959 1074 4025 conjiciunt,
1091 3949 1138 3998 hos
1158 3965 1186 3997 in
1205 3950 1323 4024 tribubus

97 4037 171 4085 dium
189 4043 215 4084 et
232 4034 377 4084 Gracchum
400 4043 515 4079 censores
536 4024 572 4072 ita
593 4031 692 4072 servatii
727 4020 839 4076 rusticis,
864 4032 916 4065 non
935 4016 962 4064 in
983 4015 1098 4074 urbanis,
1121 4028 1217 4087 censos¹
1235 4015 1324 4089 fuisse.

98 4100 187 4149 inisse.
219 4097 259 4145 Dc
271 4099 352 4161 primo
366 4097 428 4143 satis
443 4095 543 4141 constat
554 4104 585 4136 eii
596 4093 657 4134 nota
668 4091 690 4134 6.
728 4082 804 4131 Credi
815 4088 907 4144 potest,
923 4092 1002 4140 quum
1015 4085 1083 4135 ante,
1099 4083 1129 4124 ut
1142 4077 1186 4125 alii
1196 4076 1324 4152 libertini,

97 4163 132 4212 ad
143 4163 210 4225 Epir.
223 4160 278 4209 Liv.
289 4161 345 4209 xx.
377 4159 417 4207 De
428 4155 526 4204 duobus
538 4151 594 4199 aliis
611 4164 690 4198 unum
728 4147 756 4194 in
768 4159 820 4193 uua
831 4158 844 4191 e
857 4152 965 4203 quotuor
977 4140 1093 4214 tribubus
1110 4139 1220 4214 urbanis
1234 4154 1324 4188 cense-

97 4233 212 4290 snperest
229 4223 403 4273 testimonium
423 4220 500 4280 huius
519 4215 579 4270 loci,
596 4214 638 4274 qui
657 4214 690 4261 ob
728 4216 825 4265 rentur,
838 4206 928 4280 deinde
939 4203 970 4253 iis
981 4203 1163 4277 beiieiicioiilii
1175 4217 1325 4276 quinquen·

96 4289 250 4339 brevitatem
267 4285 462 4336 obscurissimus
479 4288 526 4328 est.
559 4277 596 4324 Ei
613 4291 642 4324 eo
659 4291 691 4323 ne
729 4273 768 4319 nis
780 4271 868 4318 datum
886 4269 976 4326 inisse,
994 4276 1023 4317 ut
1039 4283 1069 4315 eii
1086 4264 1207 4314 tribubus
1220 4266 1326 4313 urbanis

96 4352 201 4416 quidem
213 4351 292 4409 liquet
312 4357 399 4398 utrum
409 4347 463 4393 hiec
472 4343 560 4392 eodem
568 4347 691 4402 tempore,
728 4332 921 4396 ignobilioribus
948 4332 975 4378 iii
1008 4331 1116 4379 rusticas
1147 4327 1326 4377 honoratiores

97 4430 150 4478 quo
161 4413 273 4463 libertini
292 4386 420 4477 postremo
436 4396 462 4455 iii
480 4406 562 4454 tribus
579 4403 690 4450 urbanas
729 4398 934 4446 transferrentur.
967 4394 1006 4441 lta
1023 4394 1111 4466 Cuius.
1133 4392 1167 4439 ad
1185 4391 1204 4439 l.
1224 4392 1278 4440 lili.
1290 4391 1327 4441 D.

95 4479 194 4528 redarii
206 4487 275 4535 sunt,
291 4475 359 4539 quod
370 4490 394 4522 a„
405 4473 435 4520 V.
445 4471 500 4519 532.
517 4483 533 4515 n
545 4467 575 4516 L.
586 4465 692 4513 AEniilio
729 4462 760 4509 de
771 4461 802 4534 V:
812 4462 837 4506 S.
849 4459 968 4532 Ceterum
980 4457 1112 4532 bisinnus
1127 4462 1153 4502 ct
1169 4454 1258 4530 bigoti.
1268 4455 1327 4504 hm

96 4550 125 4590 et
140 4543 169 4590 C.
182 4541 305 4590 Flaminio
315 4536 463 4586 censoribus
481 4533 638 4586 factumest,
658 4543 691 4576 an
728 4526 767 4572 ita
778 4533 857 4571 citant
868 4540 874 4568 ε
886 4521 964 4596 qubus
971 4522 1326 4592 piamquireioesrusicyorrairt.

95 4614 158 4656 anio
191 4619 224 4653 an
246 4603 353 4664 deniqne
373 4607 431 4663 post
448 4610 538 4646 eorum
556 4606 692 4641 censuram
730 4585 883 4642 BtSGtoaoi,
903 4587 940 4633 ubi
954 4595 1003 4633 cci.
1036 4584 1091 4632 linc
1108 4582 1325 4656 considerandum

95 4639 236 4719 cons’tituta
254 4667 356 4714 inerint.
388 4662 505 4724 Sigonius
526 4658 557 4705 dc
573 4663 626 4703 ant.
640 4657 691 4715 jur.
729 4651 844 4699 arbitror.
876 4648 965 4711 Inepte
979 4647 1068 4695 salterii
1081 4644 1324 4707 eliqniserSCtrii·

96 4734 147 4781 cir.
159 4734 233 4782 Rom.
244 4732 270 4788 2,
285 4732 321 4778 li.
336 4725 433 4783 scribit,
449 4739 478 4772 ea
496 4728 553 4783 post
568 4719 613 4765 bos
630 4731 691 4764 cen·
729 4711 1025 4762 liumuabcrediriiurx·
1038 4709 1108 4759 Duk.
1135 4708 1326 4759 verberastis

98 4788 218 4848 torsiita
233 4792 360 4843 inmutata
377 4788 464 4839 inisse.
495 4784 546 4834 Sed
561 4779 691 4833 hocnullo
728 4778 815 4839 inepte
826 4776 852 4826 h.
861 4775 879 4824 l.
895 4774 982 4836 inseri,
995 4781 1021 4824 et
1032 4773 1071 4822 rei
1088 4772 1142 4836 ier.
1158 4787 1216 4822 esse
1231 4771 1327 4825 ascio
