2790 5258
10 434 41 725 l
367 658 649 732 commeruimus
666 680 705 732 m
723 657 872 732 uvion
892 670 919 744 s,
930 662 971 731 is.
1276 662 1308 734 ti

80 798 172 861 trare,
188 801 232 863 (et.
243 802 270 867 s,
282 805 324 863 aa.
340 809 366 856 r.
384 814 411 857 et
422 808 501 871 aas,
512 812 549 874 3.)
562 812 664 875 naja-
706 813 731 861 7.
742 812 834 860 marra
854 811 1026 877 trigesima.
1043 806 1131 875 agitare·
1148 782 1173 868 r,
1190 810 1215 868 2,
1232 812 1256 862 1.
1268 811 1302 862 ar.

75 866 134 941 ψει,
143 867 263 931 probasse
272 871 422 932 rescivisse,
438 873 494 923 ictas
512 877 664 926 adecemvi·
705 877 746 926 Cf.
760 877 793 924 ad
809 879 835 935 3,
847 879 889 934 46,
904 879 923 925 1.
942 878 968 936 6,
979 877 1021 934 21,
1031 876 1055 923 2.
1074 878 1100 938 t,
1111 876 1136 935 6,
1148 876 1172 925 3.
1191 876 1217 939 9,
1229 878 1268 938 11,
1279 880 1306 927 3.

68 932 287 996 nidus-teitau
301 937 373 997 quasi
388 937 495 1000 quisque
506 957 551 1004 pro
568 956 595 988 se
608 939 664 989 allis
702 942 745 999 36,
758 941 781 996 6,
792 943 867 1000 233,
879 941 953 1000 47,2.

63 994 298 1052 iubennbusn'dm·
309 1001 425 1061 peremit.
436 1016 459 1050 e.
471 1010 524 1051 tam
536 1015 622 1066 gratas
638 1011 665 1052 et
736 1007 760 1054 2.
777 1005 1080 1063 eucuoudsereir'rtoioeo,
1095 1019 1119 1052 v.
1137 1003 1210 1065 add,
1224 1005 1265 1064 16,
1276 1007 1300 1054 5.

63 1061 197 1125 adreptus,
214 1071 322 1112 utnemo
340 1066 424 1125 magis
441 1067 583 1116 dubitasset
609 1081 664 1116 eas·
702 1092 735 1107 -
748 1079 878 1132 premerent
888 1070 992 1126 homines,
1002 1085 1025 1116 v.
1037 1070 1069 1118 ad
1078 1071 1154 1130 2,61,
1165 1070 1190 1116 t.

59 1122 212 1184 deraserre,
228 1139 307 1187 quam
318 1129 351 1176 ab
361 1127 418 1177 aliis
430 1128 494 1177 latas
507 1133 620 1193 probare.
735 1136 760 1183 3.
777 1132 877 1182 Drmiam
889 1136 942 1196 jein
960 1136 985 1180 in
1004 1134 1120 1181 discrimen
1134 1135 1232 1197 dignitas
1249 1143 1298 1183 cet.

97 1191 121 1237 4.
136 1191 167 1238 ed
188 1204 296 1249 nm,
321 1194 461 1249 secundum
488 1208 616 1243 sermones
639 1202 665 1243 et
703 1197 811 1246 comitiis
826 1200 879 1260 jam
891 1199 992 1248 indictis
1004 1207 1109 1247 etreeo
1121 1198 1253 1263 perducta,
1269 1205 1298 1246 ut

50 1251 159 1310 iudicia
175 1254 292 1303 irmina·
307 1257 403 1317 lactata
422 1268 446 1305 et
466 1259 578 1320 vulgata.
596 1260 664 1321 edito,
702 1262 761 1308 novi
773 1261 908 1311 decemviri
928 1262 1064 1323 subfregiis
1083 1262 1168 1326 popuii
1180 1268 1300 1311 crearem

54 1319 235 1382 promulgato.
250 1320 319 1369 orta·
339 1324 405 1384 coni.
433 1321 524 1385 Graiu,
545 1322 618 1373 nuk.
638 1332 664 1373 et
702 1330 753 1381 tur,
771 1324 826 1374 haec
845 1327 953 1387 dignitas
971 1328 1079 1388 Appium
1092 1326 1240 1385 Claudium,
1259 1341 1298 1373 vr·

50 1378 156 1432 Bauer.
701 1403 758 1435 runi
776 1391 907 1450 juvenem,
927 1392 1000 1451 cujus
1022 1398 1083 1437 retas
1099 1398 1154 1442 turn
1169 1388 1297 1438 honorum'

92 1449 116 1494 6.
132 1448 192 1496 lan
199 1450 271 1511 pleds,
286 1458 408 1516 praeterea
429 1451 469 1512 (ut
478 1452 519 1510 23,
537 1453 626 1500 5extr.
637 1461 663 1501 et
700 1451 814 1515 cupidior
831 1469 886 1502 esse
899 1454 973 1515 solet,
992 1461 1047 1500 turn
1063 1453 1093 1500 iis
1109 1454 1224 1515 petendis
1241 1455 1295 1514 jam

54 1510 95 1557 nl.
105 1512 320 1580 v.1)nk.)ptebs
327 1516 526 1564 mariammes
540 1542 574 1556 -
585 1531 663 1579 perosa
700 1523 873 1577 maturuerat,
882 1519 976 1580 quique
987 1524 1012 1564 et
1020 1516 1106 1564 consui
1117 1516 1297 1580 jamdcsigna·

52 1582 118 1634 eret,
130 1579 226 1637 active,
239 1593 285 1641 pro
295 1580 391 1629 oderat.
403 1598 426 1630 v.
437 1580 531 1628 Drak.·
700 1587 740 1627 tus
758 1586 785 1627 et
801 1581 928 1630 decemvir
944 1582 1035 1637 iuerat,
1057 1582 1092 1643 (ν.
1104 1596 1159 1643 cop.
1170 1582 1221 1643 33.)
1238 1596 1296 1643 per·

90 1640 116 1688 6.
131 1643 375 1692 &caminatum
384 1645 532 1707 adportatas
550 1646 583 1707 (v.
592 1646 624 1695 ad
635 1648 661 1709 2,
699 1644 774 1704 puiit,
794 1655 831 1705 ut,
855 1645 989 1694 dulcedine
1008 1647 1062 1705 ejus
1083 1657 1182 1706 captus,
1201 1644 1294 1693 iterum

57 1704 102 1763 27,
112 1704 152 1770 2.)
162 1708 294 1756 (imanis
302 1709 363 1758 editi
371 1724 403 1759 ex
415 1710 515 1759 emend.
526 1708 606 1759 Drnis·
614 1726 660 1773 pro
698 1707 768 1755 itiam
786 1709 905 1758 ambiret.
935 1735 967 1746 -
983 1716 1084 1755 euoetots
1100 1708 1296 1770 iispueironoribue

59 1769 129 1831 wig.
138 1772 360 1832 «primumcum
372 1773 494 1833 Strotbio,
507 1773 550 1834 qui
562 1783 659 1834 monet,
697 1774 763 1830 actis,
779 1774 909 1835 (peractis,
923 1774 1028 1836 exactis,
1039 1779 1122 1821 utacto
1130 1772 1219 1834 boore,
1232 1787 1293 1822 con·

61 1834 265 1901 malignare
282 1837 334 1886 dici
353 1853 400 1902 pro
410 1837 621 1897 decedereabca,
634 1847 660 1887 et
697 1836 827 1899 suturae,
839 1837 878 1886 26.
889 1836 962 1900 extr.)
983 1848 1011 1886 ut
1022 1839 1065 1900 45,
1077 1839 1115 1900 19,
1130 1838 1167 1887 11.
1200 1836 1240 1887 Cf.
1260 1837 1294 1888 ad

64 1901 221 1951 maini
234 1905 270 1951 rei
287 1916 349 1965 pro:
368 1903 392 1950 ei
404 1916 493 1966 parere
509 1917 528 1949 a.
545 1901 660 1964 obsequi.
697 1901 723 1959 2,
734 1903 777 1962 29,
790 1902 813 1953 6.

68 1958 149 2011 uvius
165 1967 213 2015 int.
226 1981 282 2030 cap.
291 1966 324 2013 36
343 1965 415 2025 dieis,
431 1968 517 2027 priores
530 1966 660 2013 decemuiros
728 1966 754 2012 4.
768 1967 858 2027 propior
863 1966 963 2026 petendo,
973 1982 1038 2027 quarn
1044 1966 1140 2031 gerendo
1148 1968 1293 2030 magistratui

69 2027 211 2085 dpiietione
220 2030 316 2095 miegae
324 2032 410 2095 remigi
424 2031 512 2079 reddito
527 2031 555 2077 ab
571 2032 658 2091 sejam
696 2036 753 2087 erut,
773 2030 879 2078 similior
900 2031 1005 2093 petenti,
1028 2045 1104 2093 quam
1126 2032 1203 2079 ctiam
1223 2047 1293 2080 nunc

73 2092 144 2153 Μὶν,
154 2096 181 2144 it.
191 2112 216 2145 e.
226 2108 315 2159 passos
325 2109 387 2142 ease
420 2095 513 2143 Beueri
530 2103 591 2142 nota
602 2102 657 2144 eet:
696 2095 792 2153 gerenti
802 2094 870 2142 hunc
878 2092 1056 2155 magistratum
1066 2102 1129 2157 erat,
1138 2095 1220 2156 magis
1231 2109 1292 2144 eum

76 2155 209 2207 “Pronum
221 2168 270 2219 est,
278 2159 422 2217 mutationi
431 2157 581 2220 contigere3
600 2167 657 2217 nec,
696 2161 789 2216 petere,
798 2172 874 2218 quam
888 2157 970 2204 adhuc
983 2171 1069 2217 gerere
1079 2156 1218 2206 ridebatur.
1236 2157 1290 2207 'Cf.

10 2257 15 2273 ,
78 2217 158 2269 tiiibri
173 2223 286 2280 ierunt,
303 2221 499 2283 inprobaverim.
532 2221 567 2267 tt
576 2234 656 2281 quum
696 2219 789 2278 27,17.
821 2246 854 2256 -
871 2219 991 2280 optimates
1007 2218 1047 2281 (ut
1056 2223 1132 2281 optimi
1142 2222 1185 2278 35,
1195 2222 1290 2270 santi

12 2320 17 2329 .
79 2280 127 2329 iliud
138 2284 315 2334 inhocnemo
329 2284 404 2332 facile
421 2291 568 2333 mutaturus
578 2285 656 2331 fuisse
696 2296 718 2327 v.
729 2290 782 2330 not.
792 2284 818 2329 3.
827 2291 852 2329 et
864 2284 907 2330 Gr.
917 2283 1019 2344 dpereat,
1029 2284 1096 2332 uude
1113 2284 1292 2350 miscueratis)

9 2382 17 2393 .
81 2345 195 2407 viteam
215 2349 388 2406 retinendum,
400 2355 427 2395 et
445 2346 560 2395 absolute
575 2345 656 2408 expli·
695 2347 795 2407 proprie
812 2347 855 2406 qui
872 2347 981 2408 optimas
997 2346 1022 2390 in
1042 2361 1068 2394 re
1087 2347 1190 2409 publica
1206 2359 1290 2410 partes

10 2426 21 2454 '-
83 2409 376 2476 ordumedpettertsnssc.
393 2409 655 2473 factmquaedpeila·
695 2410 876 2469 sequebantur,
888 2418 932 2456 aut
944 2420 1011 2457 certe
1021 2423 1063 2457 eas
1074 2412 1145 2472 sequi
1157 2411 1235 2458 videri
1247 2429 1290 2461 vo·

82 2470 164 2532 burm,
182 2479 203 2525 si
215 2477 273 2539 quis
287 2475 427 2539 adpellaret
443 2474 507 2522 aiios
526 2471 655 2521 decemvi·
695 2468 791 2533 lebant,
803 2474 957 2534 consiliaque
969 2472 1015 2519 s'ua
1024 2473 1119 2536 optimo
1131 2475 1222 2535 cuique
1230 2491 1291 2538 pro·

84 2547 124 2582 m:
142 2540 250 2601 dietum,
260 2549 290 2588 ut
301 2540 372 2596 indit,
387 2552 451 2600 paee,
471 2537 537 2596 betto,
553 2538 656 2597 comitiis,
695 2533 750 2581 bari
769 2537 913 2598 cupiebant.
949 2535 1120 2598 Obponuntur
1135 2539 1289 2600 pauperioribus,

10 2622 21 2635 ·
83 2608 126 2648 ἅ·
140 2603 243 2653 rere-,¹⁹
286 2605 334 2652 Sed
356 2611 444 2650 nostra
462 2601 538 2650 lectio
557 2601 657 2663 dignior
694 2596 871 2662 (b.e.tis‚qui
885 2599 1290 2661 popuiieeusamtuebanturad·
1357 2642 1361 2649 .

85 2658 153 2726 Iir1’03
180 2678 206 2718 ee
241 2676 307 2732 quot
324 2681 378 2717 uon
393 2679 533 2730 conrupere
553 2664 655 2727 inperiti
693 2676 780 2710 versus
790 2665 959 2726 potentiorum
972 2662 1087 2725 iniurias,
1099 2672 1144 2712 aut
1155 2667 1198 2729 qui
1211 2669 1289 2731 graie

10 2726 21 2769 .'
84 2723 178 2780 lbani?
694 2739 736 2773 am
746 2727 840 2789 populi,
852 2725 929 2775 etiarn
947 2741 1006 2774 curu
1017 2728 1169 2777 detrimento
1181 2732 1289 2794 reipubl.

693 2796 719 2837 et
726 2798 815 2837 contra
825 2790 994 2852 honestatem,
1004 2791 1153 2857 captabant)
1163 2796 1206 2843 sed
1222 2809 1289 2844 non·

103 2856 164 2909 tar.
183 2861 297 2925 36.)-1.
312 2859 406 2909 mitis
419 2861 444 2908 iu
465 2859 551 2907 trinam
569 2858 654 2907 nundi·
693 2867 834 2914 numquam
856 2861 882 2902 et
902 2853 982 2917 plebi,
1004 2856 1128 2915 quoniam
1144 2866 1216 2906 erant
1235 2859 1290 2909 fere

10 2944 17 2954 ·
82 2930 118 2966 m·
134 2925 368 2986 {siverriaandinum
384 2941 418 2974 sc.
437 2925 547 2986 tempus)
569 2924 655 2970 indicta
692 2917 808 2965 homines
833 2919 990 2980 superiorum
1018 2917 1145 2975 ordinum,
1170 2937 1221 2970 non
1255 2924 1287 2973 de

10 3010 16 3017 ·
82 2994 125 3045 ⁸¹⁸,
144 2994 171 3037 ut
188 2990 289 3052 plerum
309 3006 351 3052 ue,
371 3003 420 3037 nec
438 2996 526 3036 tamen
543 3002 654 3050 temper,
692 2980 1029 3043 plebemisiforteditiores·
1063 2982 1101 3028 Cf·
1116 2998 1171 3047 cap.
1180 2988 1212 3035 33
1223 2994 1287 3036 extr.

10 3082 14 3089 .
85 3048 277 3117 ir,.d24‚7‚g‚)
318 3050 553 3102 ‚grunnium
567 3058 653 3099 tem„
692 3044 863 3092 etsimii.loc.
876 3044 955 3104 9,46,
969 3046 1006 3094 17.
1038 3044 1170 3097 Cicb'ext.
1190 3051 1232 3109 tt,
1246 3051 1285 3099 66.
1363 3084 1369 3091 -

81 3114 197 3178 metuas,
217 3116 358 3181 (ιίςτρίτην
368 3114 458 3178 ἀγορὰν
473 3112 539 3161 Plut.
559 3113 653 3162 coriol.
692 3115 718 3155 et
729 3107 829 3157 Ernesti
838 3108 901 3156 clav.
913 3107 966 3157 Cic·

81 3186 97 3232 Ρ·
104 3179 151 3226 '222-
161 3190 188 3230 et
197 3182 307 3244 Dionys.
317 3183 343 3243 7,
353 3182 403 3242 te.)
420 3177 513 3241 quibus
525 3177 653 3226 candidati
725 3172 749 3220 5.
764 3173 849 3219 medius
860 3175 918 3220 inter
923 3174 1051 3220 tribunicios
1060 3170 1151 3222 Ditiiios
1161 3175 1286 3241 Iciliosque,

81 3241 384 3307 tubiebantmagistratus‚
393 3252 419 3291 et
425 3242 495 3304 leges
502 3239 590 3289 aiireve
602 3256 653 3303 res,
691 3236 756 3283 inter
774 3236 900 3295 Duiliam,
913 3235 1012 3286 icilium
1025 3237 1106 3298 iisque
1116 3241 1224 3302 similes,
1241 3245 1286 3302 qui

79 3297 214 3357 incomitiis
235 3308 385 3371 peragenda
432 3304 652 3366 romuigebantur,
691 3300 819 3360 quondam
830 3301 924 3348 tribuni
940 3301 1019 3363 piebis
1029 3299 1139 3361 fuerant,
1156 3304 1195 3367 (ut
1206 3322 1284 3353 eonsu-

79 3368 173 3481 :giren
191 3387 249 3483 non¹
260 3373 352 3449 ’modo‘
364 3342 396 3482 ip,
435 3369 496 3479 rba,
511 3368 556 3478 seetd
569 3369 652 3479 sciopppn
690 3364 757 3475 ivorp,
763 3364 1140 3477 ξὲὶὶὲῐῖίὶὲῖἑῖεέήὲιειῖᾳυίἀεω
1157 3372 1284 3421 acerrimi.

394 3447 456 3481 mn
499 3465 507 3487 J
707 3462 713 3475 0
795 3462 801 3474 Ι
844 3463 850 3474 1
953 3465 961 3487 ‚
1039 3461 1045 3474 1

78 3449 251 3555 miscam
260 3451 347 3548 ¹deruis
368 3474 500 3555 nuddiuis,
521 3463 651 3542 {mertuum
723 3461 749 3539 6.,
759 3493 859 3552 periiios
866 3508 887 3540 se
895 3493 954 3553 plebi
962 3461 1084 3551 renditere,
1094 3498 1283 3563 commendare,

78 3561 345 3620 ttrdmdommcausa,
363 3560 390 3609 in
407 3559 505 3607 Urbem
521 3558 652 3606 conflueu·
688 3556 794 3616 iactare,
816 3566 845 3604 ut
871 3565 1025 3606 mercatores
1046 3556 1150 3608 laudant
1177 3575 1285 3628 merces,

78 3623 110 3678 itt,
118 3630 171 3672 tum
179 3626 237 3674 ilias
246 3642 286 3675 res
296 3638 447 3689 cognoscere
456 3629 482 3670 et
494 3621 598 3671 solerter
608 3636 651 3669 ex·
690 3634 753 3679 quas
764 3620 872 3668 vendere
881 3620 995 3685 cupiunt.

78 3679 230 3746 rhomum
250 3689 331 3738 tertiis
346 3686 477 3748 nundinis,
496 3680 556 3735 ine.
576 3685 650 3733 xvrl
722 3683 746 3731 7.
762 3682 864 3731 Nimium
878 3699 899 3732 s.
919 3685 994 3733 nimis
1012 3701 1034 3732 se
1051 3701 1126 3750 cogere
1141 3689 1283 3753 teredinem,

78 3743 113 3807 fit,
131 3750 157 3800 in
175 3752 288 3801 comitiis
314 3752 444 3814 subiragia
473 3749 505 3798 de
535 3748 566 3796 iis
586 3749 651 3797 ferre
688 3761 732 3792 esre
755 3748 878 3797 iudicium
895 3763 915 3796 s.
927 3751 1057 3811 proprium
1079 3766 1122 3798 iton
1144 3761 1188 3800 tum
1202 3771 1284 3818 prope-

149 3824 167 3864 t.
200 3816 426 3865 Numerandorurn
455 3813 523 3862 enim
551 3812 650 3860 dierum
688 3812 818 3861 matiscet.
851 3811 1022 3861 inordinemse
1036 3830 1111 3879 eogere
1125 3829 1164 3864 est
1181 3825 1283 3870 tantum

86 3878 137 3933 tend
149 3878 248 3929 Ernesti
260 3879 287 3928 in
298 3879 369 3928 ciave
381 3878 434 3926 (iic.
447 3876 525 3925 etalii
543 3879 596 3938 jam
607 3876 651 3923 do·
690 3875 798 3935 demitti,
807 3878 948 3937 majestatis
960 3877 1127 3927 inmemorem
1137 3895 1222 3945 agere,
1238 3887 1282 3935 de·

78 3939 651 4056 irritis“trististristis
688 3939 1314 4060 dirixit?sibivizbitffiiitsid·

265 4025 272 4053 ι
787 4020 799 4040 ⁰
835 4022 842 4050 .·
875 4037 883 4061 ,
973 4037 979 4050 .
1270 4039 1282 4051 .

79 4074 129 4116 flere
144 4069 224 4120 latino
233 4070 273 4119 bis
285 4074 462 4129 numerantur,
477 4074 505 4115 ut
518 4067 586 4115 idem
597 4067 651 4116 dies
707 4066 767 4114 cdiri
779 4044 883 4130 i⁰mperio
894 4041 976 4130 sur’rgi,
987 4070 1042 4130 cogi
1052 4070 1121 4119 abire
1129 4024 1279 4135 mdgistratu

79 4126 180 4183 *tronus
191 4150 208 4183 a
219 4132 309 4198 primis
321 4131 449 4188 nundinia,
466 4141 492 4179 et
509 4131 607 4192 prierius
623 4130 650 4179 in
689 4082 802 4191 degitime
819 4140 903 4192 capto,
923 4131 993 4179 uuila
1012 4133 1088 4196 culpa
1107 4150 1172 4195 sua,
1187 4138 1280 4188 bauer.

79 4190 139 4245 iiten
150 4198 264 4251 enneade
275 4197 385 4255 dierum,
395 4202 474 4256 utque
492 4202 587 4257 septem
597 4202 652 4242 tan·
689 4192 719 4241 In
730 4195 828 4243 ordiam
838 4211 913 4258 cogere
922 4210 942 4243 s.
950 4195 1060 4259 redigere,
1071 4206 1110 4245 est
1120 4210 1280 4263 potestatem,

79 4260 117 4305 ita
136 4262 187 4312 dies
207 4261 276 4311 binis
297 4258 423 4320 interjecti
441 4260 492 4306 sint
507 4258 650 4320 nundinis,
689 4260 1282 4325 auctoritatemdignitatemqueinminuere,rit·

82 4316 105 4366 5¹.
115 4322 188 4376 Varro
204 4328 237 4377 R.
247 4324 279 4373 R.
295 4323 339 4373 iib.
355 4326 380 4372 2.
396 4321 468 4372 eret.
481 4337 529 4386 pr.,
545 4321 650 4384 Dionys.
689 4332 724 4369 ter
731 4323 813 4372 eiieset
823 4325 913 4385 objectu
926 4339 1081 4371 maemerure
1090 4323 1152 4374 dicit
1161 4328 1282 4381 Priscian.

79 4376 304 4441 [inemendata
323 4386 411 4449 Rom.)
434 4385 649 4449 quemadmodum
690 4386 1282 4453 librarios:mmiigmmmosetumbiuccon-

78 4450 391 4504 mdomustmeetsrt
412 4448 478 4514 Tage.
510 4448 552 4496 (Ji.
568 4448 649 4496 Dmk.
689 4458 812 4511 temnere,
835 4453 972 4515 despicatui
993 4453 1101 4514 habere,
1128 4459 1226 4518 proprie
1248 4460 1281 4508 ad

77 4510 133 4564 rib.
149 4518 166 4567 i.
195 4544 229 4557 -
245 4516 343 4564 canitie
356 4516 484 4563 metris
498 4514 599 4561 madir
614 4513 650 4559 irr-
690 4529 760 4573 eum,
789 4517 833 4577 qui
853 4516 929 4564 alicui
950 4517 1064 4578 proprius
1085 4525 1136 4575 est,
1156 4529 1182 4567 ct
1203 4537 1281 4582 quem

31 4610 36 4619 .
78 4570 163 4634 &aad
174 4581 332 4631 decemviros
341 4580 473 4640 creandos,
482 4584 512 4625 ut
522 4579 564 4633 22,
573 4579 615 4638 35,
624 4579 649 4625 2.
689 4578 774 4639 egredi
785 4580 864 4642 cupit,
876 4580 961 4627 iocum
970 4588 996 4628 et
1006 4580 1120 4629 ordinem
1130 4581 1203 4631 iilum
1214 4587 1282 4634 redi·

77 4645 144 4690 aues
159 4648 255 4709 νομιῶ
271 4644 377 4707 conlega,
398 4654 424 4692 et
444 4643 481 4691 sic
502 4639 597 4704 passim
618 4641 650 4688 de
690 4643 804 4703 gere,vei
816 4643 847 4691 ad
857 4643 1002 4691 inferiorem
1014 4645 1127 4693 ordinem
1140 4646 1282 4699 detrudere.

76 4702 123 4763 tite,
132 4710 168 4757 rei
179 4726 218 4770 eo,
230 4710 262 4759 ad
274 4707 342 4772 quod
350 4707 448 4769 aliquid
459 4705 575 4769 pertinet,
593 4720 616 4752 v.
626 4720 649 4752 c.
690 4704 730 4753 Cf.
741 4707 766 4762 6,
781 4708 822 4754 33.
835 4708 876 4765 25,
888 4709 912 4756 3.
922 4708 963 4767 tt,
976 4707 1015 4767 16,
1027 4709 1144 4773 5.1ntpp.
1156 4712 1188 4758 ad
1204 4715 1247 4772 35,
1257 4716 1283 4763 «i.

75 4770 244 4851 Mmagre
258 4774 400 4821 dandcaeat
411 4775 437 4833 3,
459 4772 477 4816 1.
489 4769 602 4815 duumuiri
612 4782 648 4814 ea·
688 4777 714 4817 et
731 4768 807 4818 Wolf.
825 4770 855 4817 ad
873 4771 944 4818 Suet.
960 4770 1048 4818 Claud.
1060 4774 1100 4821 33.
1111 4774 1154 4833 qui
1168 4786 1281 4835 monent,

74 4836 223 4897 &scheda
239 4840 279 4888 rei
296 4838 416 4885 demviri
434 4834 518 4897 tegibus
533 4832 650 4881 acribmdis
688 4833 839 4882 locutionem
853 4834 956 4882 ductam
972 4847 1002 4882 ex
1014 4834 1113 4896 militie,
1125 4836 1168 4885 ubi
1189 4840 1282 4889 milites

75 4910 102 4949 tt
113 4904 308 4968 erenbtcrteet
316 4902 407 4953 diecesi
415 4898 613 4962 miiiqmded,
624 4898 650 4960 1,
688 4898 886 5009 extraGordinem
904 4912 981 4948 enum
996 4897 1023 4950 in
1039 4900 1143 4963 agmine
1156 4904 1281 4966 egressis
