2790 5258
133 654 180 706 na
371 715 376 723 ,
441 663 721 722 contineremus
741 670 779 723 ιιι
792 670 930 726 ιινιιιιι.
969 649 1017 740 ssj
1029 676 1069 729 n.

132 787 195 837 Tac.
206 788 280 865 inu.
293 790 326 868 ι2,
342 793 385 853 50,
396 796 420 842 5.
438 796 462 842 iu
475 797 571 863 priuato,
589 802 618 845 ut
637 806 726 848 eontra
764 801 831 851 berti
847 802 970 853 ducerent
984 818 1086 863 uxores,
1102 800 1206 853 inserte
1223 801 1351 862 nuberent,

133 867 195 929 ιιιοιιΙ
203 870 228 901 ιιι
237 856 330 930 publiea,
340 873 363 904 v.
375 858 407 906 ad
419 862 444 919 2,
454 862 495 919 24,
505 862 529 910 6.
544 886 578 897 -
593 869 726 927 atropium
765 881 839 929 equo
850 866 983 917 abeodem
996 875 1102 932 petrono
1116 868 1158 916 illi
1175 867 1363 933 manuni-ss,

133 932 152 964 n
163 918 338 981 eliquescat.
350 937 373 968 v.
385 923 417 972 ad
427 924 470 983 22,
481 926 508 984 3,
519 928 543 974 8.
765 929 806 979 ha·
826 932 1005 980 manumissis:
1023 932 1091 980 uude
1108 931 1174 981 Tae.
1192 931 1263 980 Anu.
1279 930 1306 991 ti,
1319 932 1352 981 lii.

133 1046 139 1058 .
152 984 176 1030 5.
185 983 412 1035 SCtocoutumettde
422 988 636 1050 Bacchanalibus,
645 988 725 1041 inciso
763 994 857 1042 dicitur
866 993 1003 1057 Ἠιιῳὶιοιιει
1010 996 1232 1059 μοιιιιιοιιιιιίιιιιι
1243 994 1350 1057 rimie·

132 1062 158 1094 ιιι
175 1049 263 1098 tabula
281 1065 362 1108 enea,
380 1054 532 1112 quantiam
550 1069 620 1103 nuuc
638 1057 664 1102 ln
685 1057 724 1105 bi·
764 1060 857 1121 gentis,
870 1062 932 1122 quia
951 1075 981 1108 ex
999 1074 1030 1110 en
1044 1074 1159 1123 persono
1177 1063 1277 1121 Ῐιιιιιιι
1293 1072 1352 1107 con·

130 1109 219 1162 bliotb.
233 1113 349 1163 Cesarea
357 1113 546 1166 vindobonensi
564 1128 688 1178 servatur,
698 1128 725 1170 et
763 1123 857 1172 uubiis.
889 1123 959 1173 lluic
970 1124 1173 1187 interpretationi
1192 1138 1246 1171 uuo
1262 1122 1352 1181 obstat,

130 1189 160 1224 es
179 1192 231 1238 qua
248 1185 328 1240 patet,
358 1178 463 1228 nLivio
488 1184 575 1229 omnia
592 1197 639 1231 tua
663 1185 724 1234 iude
762 1186 831 1247 quod
851 1190 929 1237 tutoni
948 1190 1007 1250 optio
1026 1187 1109 1236 cidem
1131 1186 1252 1249 Hispal:
1275 1190 1353 1235 daur.

129 1240 207 1289 dueta
218 1257 284 1301 esse,
302 1242 426 1292 nonnulla
436 1245 514 1293 etiam
526 1245 617 1294 iisdem
629 1248 722 1298 verbis.
763 1248 831 1297 uam
847 1266 988 1316 numquam
1007 1253 1057 1301 luit
1070 1252 1231 1315 propositum
1248 1249 1352 1308 metui,

129 1302 199 1353 llinc
217 1306 250 1354 ad
267 1307 362 1355 calcem
379 1305 446 1356 Livii
464 1310 653 1358 monimentum
673 1311 721 1361 boc
763 1311 898 1377 Hispalam
910 1317 1022 1366 eximere
1032 1328 1141 1365 numere
1149 1314 1302 1375 mulierum,
1312 1321 1352 1362 tut

128 1367 616 1433 dedimusexemplolleamiietllrak.
648 1374 720 1424 Idem
761 1377 825 1426 talia
843 1381 868 1427 ei
886 1383 947 1441 jura
964 1380 1036 1438 dare,
1059 1378 1147 1441 qualia
1166 1378 1230 1427 viris
1255 1385 1351 1426 notun

130 1431 229 1480 elidere
254 1433 364 1482 Fabrett.
390 1433 468 1483 luscr.
490 1450 515 1498 p.
536 1437 592 1486 427.
636 1440 721 1502 Scipio
760 1440 870 1502 civibus,
888 1459 969 1506 neque
986 1443 1113 1499 omuibus,
1128 1442 1227 1491 nedum
1246 1441 1351 1503 nequiori

129 1494 246 1544 tianeus
263 1496 323 1546 bist.
341 1505 388 1546 art.
403 1499 508 1563 diplom.
526 1515 550 1561 p.
563 1503 616 1550 lai.
650 1503 720 1565 Byu·
760 1506 843 1563 sexui,
866 1508 1061 1557 conveniebant.
1103 1506 1167 1554 Ceto
1188 1521 1247 1572 sup.
1265 1504 1351 1562 3⁴2²·

127 1556 213 1608 ltersb.
232 1559 258 1608 in
271 1561 365 1623 Opusc.
377 1578 403 1626 p.
413 1566 470 1612 259.
482 1570 508 1611 et
519 1563 612 1613 blattb.
623 1566 718 1630 AEgyp·
759 1571 859 1629 ennom,
879 1572 924 1631 uit,
947 1573 1044 1632 uuilon,
1066 1587 1095 1619 ue
1117 1572 1231 1632 primiano
1257 1571 1350 1631 qe'tin,

127 1623 177 1670 tius
188 1623 349 1688 Neapliw.
366 1653 399 1663 —
414 1629 599 1687 sieipennissun
609 1640 718 1690 estense.
758 1648 805 1681 rem
825 1651 891 1698 ogere
913 1636 1015 1701 seramus
1037 1637 1084 1684 sint
1103 1644 1196 1684 merore
1221 1634 1352 1689 enims·

125 1688 169 1748 qtti
181 1688 231 1736 tale
249 1702 351 1738 socrum
369 1691 492 1740 sollemne
508 1693 719 1743 etnecessarium
758 1698 784 1744 iu
806 1716 875 1748 morin
895 1717 938 1750 esse
955 1710 1082 1763 munium,
1101 1699 1222 1763 j'ratrurt,
1248 1700 1350 1747 ιιὶηηι.

126 1749 230 1800 duceret
240 1760 289 1827 cet.
305 1754 386 1803 Drak.
402 1773 519 1819 -quum
534 1758 559 1803 in
572 1766 649 1806 senatu
664 1774 718 1806 oeu-
758 1761 859 1812 ldcirco
870 1765 932 1828 iliis,
948 1781 1006 1829 qttre
1022 1771 1048 1815 in
1063 1778 1144 1812 maan
1160 1771 1299 1829 pareatum
1309 1772 1350 1813 out

125 1821 310 1865 immunimus
325 1828 402 1878 ruent,
418 1821 545 1869 iortedum
556 1830 581 1870 et
594 1839 622 1870 ua
637 1825 718 1882 miuus,
758 1825 869 1876 virorum
881 1843 934 1877 non
946 1838 1044 1889 esseut,
1061 1830 1139 1875 tamna
1155 1829 1297 1877 nuctmitas
1307 1842 1349 1876 ne·

74 1882 77 1889 '
142 1880 345 1931 ueinbocSCto
352 1883 486 1944 aliquoties
494 1887 616 1948 leguntur
622 1888 716 1950 verba,
757 1891 868 1941 cessaria
878 1901 933 1942 erut
942 1896 969 1942 iu
987 1894 1028 1942 bis
1039 1893 1126 1951 rebus,
1142 1894 1221 1956 stege
1234 1900 1277 1940 orit
1286 1893 1351 1953 judi·

163 1945 207 1994 alr.
240 1945 362 2004 enula,
379 1949 422 2005 at,
438 1950 461 1997 9.
476 1974 510 1987 ···
524 1953 629 2015 magister
644 1967 717 2000 uero-
756 1956 901 2018 eiorgerent,
918 1959 937 2004 si
952 1973 974 2007 se
988 1959 1120 2021 obligarent,
1134 1958 1349 2021 siriciienrgotin

123 2023 185 2068 rust,
203 2010 267 2058 lorte
282 2018 311 2058 ιιι
326 2028 361 2057 mo
379 2013 430 2059 ister
446 2011 558 2061 Saliorum
576 2024 603 2064 et
611 2015 718 2080 fratrum
753 2030 866 2082 gererent,
882 2022 987 2085 Ulpian.
1006 2031 1024 2072 t.
1043 2024 1081 2070 tl.
1097 2021 1161 2071 lost.
1195 2021 1257 2070 Nou
1274 2023 1350 2084 agitur

123 2074 241 2122 Ainobmn
250 2072 276 2120 iu
287 2028 415 2139 lapidiisus
426 2080 569 2128 metnornti.
585 2081 625 2129 Ci.
634 2081 716 2131 licuit.
757 2093 891 2146 propterea
901 2086 1048 2147 negandum
1056 2092 1106 2143 eat,
1117 2086 1262 2145 dationem,
1273 2085 1349 2133 denti·

757 2148 888 2198 ontionem
908 2165 1012 2198 suorum
1034 2150 1159 2197 bonorum
1184 2149 1275 2198 datam
1296 2164 1348 2197 esse

156 2202 228 2252 Clll‘.
242 2204 352 2265 itti-1.
368 2222 419 2269 ptos
437 2222 478 2269 pro
498 2207 606 2257 iudiciiin
620 2210 717 2257 ooiuulet
756 2212 872 2272 mulieri,
883 2213 945 2275 quia
955 2221 1024 2263 tutor
1034 2213 1067 2262 ad
1078 2212 1348 2262 dantiumdentinuen·

123 2265 254 2328 lubricant,
271 2269 434 2321 indicesvere
453 2273 613 2335 habuissent,
626 2275 715 2324 indici·
756 2278 817 2323 dutn
834 2277 995 2326 adhibendus
1007 2285 1054 2326 est.
1087 2276 1180 2338 Neque
1191 2276 1263 2324 enim
1275 2277 1347 2325 intel·

124 2333 172 2381 bus
185 2333 224 2381 usi
237 2342 336 2391 essem,
353 2334 447 2386 Bauer.
755 2338 850 2402 legitur
871 2343 893 2390 ei
912 2341 1022 2390 fornitus
1039 2340 1091 2390 alia
1109 2340 1248 2402 permissa,
1271 2354 1346 2402 qnam

156 2400 181 2447 2.
196 2399 395 2462 uugiurotibud.
410 2400 582 2466 predioenduu,
598 2418 622 2451 ιι.
638 2402 670 2453 ad
686 2405 714 2465 2,
755 2417 814 2464 quae
836 2404 936 2465 legibus
958 2405 1081 2453 Romanis
1099 2405 1220 2467 ingenue
1238 2405 1348 2464 femine,

126 2460 166 2517 1⁰,
179 2464 202 2509 4·
754 2481 812 2522 nun
828 2467 926 2517 nullius
947 2470 975 2517 in
993 2482 1072 2516 manu
1092 2476 1159 2525 erat,
1184 2468 1345 2532 conpetebat.

154 2526 179 2573 :t
196 2534 286 2572 enatent
303 2529 377 2576 millio
391 2531 440 2578 eris
458 2532 562 2592 gravis,
579 2545 657 2591 quam
669 2545 714 2578 no·
755 2530 935 2592 ltaquetntum
948 2533 996 2580 boc
1006 2531 1346 2594 obponiturlibertinteeon·

122 2601 178 2637 ectu
191 2590 313 2640 excidisse
324 2595 431 2656 putabat
442 2594 522 2643 Peria.
534 2595 566 2644 tle
578 2609 628 2643 are
640 2596 713 2657 gravi
755 2593 855 2655 ditioni,
872 2597 964 2658 quibus
976 2598 1111 2658 superstite
1126 2604 1237 2658 patrono
1250 2596 1276 2644 id
1287 2608 1344 2643 coo·

123 2653 146 2708 i·
158 2656 196 2701 ii·
755 2672 856 2707 cessum
871 2659 996 2708 omnibus
1009 2674 1060 2707 non
1075 2669 1141 2717 erat,
1158 2659 1245 2708 miuus
1260 2667 1344 2708 autent

152 2720 178 2764 i.
194 2715 456 2771 ualidissimarum
471 2725 661 2785 rtipnaiiaeneot,
673 2729 712 2781 ιιι,
754 2722 866 2772 mulieri.
899 2724 967 2772 Num
979 2730 1073 2785 etpost
1088 2725 1205 2772 edictum
1223 2724 1344 2787 pretorio,

121 2784 221 2842 premii
232 2782 298 2843 loco,
316 2787 473 2836 vuentiouetu
487 2788 586 2837 militias
598 2787 714 2844 baberet,
754 2803 805 2850 quo
821 2790 864 2848 jus
875 2795 1039 2852 patronorum
1057 2790 1085 2835 in
1097 2788 1205 2836 libertos
1222 2796 1345 2852 tempera·

121 2844 191 2894 velut
201 2848 352 2898 emeruisset
368 2852 509 2914 stipendio,
530 2854 573 2916 (ci.
585 2853 617 2899 ad
627 2852 654 2906 3,
669 2852 712 2908 57,
755 2862 871 2899 mentum
888 2852 999 2914 adcepit,
1016 2858 1123 2915 patrono
1137 2853 1262 2900 rensansit
1280 2851 1344 2900 actio

122 2908 278 2972 bennun
290 2914 325 2969 7.)
338 2930 391 2962 siene
401 2931 475 2964 corten
484 2919 590 2979 eiepunm
601 2916 713 2975 pullicum
754 2930 886 2978 operarum
908 2923 934 2964 et
960 2914 1141 2964 alimentorum
1166 2923 1195 2962 et
1219 2914 1343 2964 societatis

120 2972 256 3037 adigimur,
272 2977 332 3039 (puin
349 2979 441 3029 honori
464 2981 508 3028 ille
531 2981 645 3043 quidem,
667 2979 712 3028 sed
753 2977 880 3026 binorum
895 2978 1008 3038 nornine,
1024 2977 1045 3026 si
1055 2979 1081 3027 id
1097 2980 1124 3028 iu
1140 2993 1243 3042 poennm
1255 2977 1344 3040 ingrati

119 3043 207 3086 tamen
230 3046 257 3088 et
278 3043 347 3090 oneri
368 3052 439 3104 ernt3
458 3043 519 3091 Eru.
541 3045 579 3093 Ci.
603 3044 713 3092 Casaub.
753 3043 833 3090 animi
852 3043 989 3107 pepigisset
1008 3051 1142 3105 patronus:
1165 3042 1243 3105 (tatis
1261 3052 1343 3090 autera

119 3102 232 3152 adsuet.
249 3103 364 3166 dumbs.
396 3108 467 3156 Suet.
479 3110 510 3155 de
522 3123 577 3171 pec.
589 3117 639 3155 vet.
651 3110 676 3168 3,
688 3110 713 3156 2.
753 3106 873 3156 credibile
891 3116 939 3166 est,
962 3121 1098 3168 quemque,
1119 3114 1150 3154 ιιι
1167 3106 1283 3154 maxime
1302 3120 1344 3168 pe·

119 3163 192 3228 Lips.
205 3166 258 3216 mil.
271 3168 345 3218 llom.
361 3173 382 3229 l,
400 3176 423 3220 5.
440 3179 465 3220 et
476 3172 557 3221 Graev.
569 3172 667 3235 l‘roleg.
679 3171 713 3221 T.
753 3172 814 3231 tuit,
832 3171 856 3218 iu
874 3171 990 3218 iuturum
1004 3169 1052 3217 sibi
1068 3171 1179 3233 cavisse)
1199 3180 1226 3219 et
1237 3168 1342 3217 morien·

121 3227 143 3275 l.
154 3229 233 3280 Thes.
245 3231 304 3282 Ant.
316 3234 391 3282 liom.
752 3233 818 3283 tium
840 3237 895 3282 sine
916 3234 1002 3283 liberis
1023 3234 1056 3281 ub
1081 3234 1205 3282 intestato
1227 3242 1345 3297 patronus

152 3295 176 3341 3.
195 3294 277 3358 Utinm
288 3296 383 3345 Fcccniae
393 3299 489 3361 Hispulae
499 3299 569 3358 docio,
585 3301 714 3360 deminutio,
753 3297 826 3347 heres
846 3307 911 3358 erut,
928 3306 1066 3359 contraque
1084 3305 1279 3357 testamentum,
1298 3312 1345 3358 qtto

118 3360 192 3422 gennis
202 3364 302 3422 uiirptio,
318 3367 396 3411 tutoris
406 3369 463 3427 optio
473 3366 524 3411 item
539 3374 598 3425 esset,
615 3367 677 3428 prosi
692 3367 714 3414 ei
752 3362 827 3412 liberi
839 3362 946 3411 beredes
959 3362 1067 3410 instituti
1084 3376 1138 3409 non
1152 3374 1251 3423 eueni,
1268 3363 1344 3410 bono·

120 3425 156 3471 tir
167 3432 289 3474 estoniento
301 3428 407 3486 duliam,
425 3433 501 3492 sinque
516 3432 537 3477 ei
554 3432 650 3491 ingenuo
667 3447 713 3478 nir·
753 3441 809 3476 rum
829 3426 1011 3491 pussessionem
1033 3434 1171 3488 apraetore
1194 3426 1345 3491 adcipiehtt.

119 3487 167 3535 bere
179 3490 264 3538 liceret:
281 3493 337 3540 inec
347 3496 400 3554 jam
413 3505 480 3543 recte
488 3496 634 3558 exposuisse
645 3495 712 3543 Τυῐ.
754 3491 845 3554 Neque
856 3491 939 3548 obest,
953 3490 1021 3551 quod
1030 3499 1115 3537 tumtun
1123 3500 1220 3551 putrouo
1231 3494 1254 3539 iri
1263 3492 1344 3538 nuliius

118 3551 178 3601 neb.
190 3556 251 3602 dclv,
263 3558 305 3614 30,
324 3559 364 3605 25.
380 3573 513 3622 perperam
529 3573 589 3606 vero
606 3560 712 3607 Gutber.
752 3572 822 3604 munau
832 3566 880 3604 erut
892 3554 1008 3618 Hispala,
1019 3565 1043 3602 et
1054 3558 1254 3604 tutoreotribmris
1261 3566 1283 3604 et
1287 3572 1344 3619 pre·

118 3616 150 3662 cle
166 3619 222 3677 jure
236 3628 306 3681 pout.
326 3623 351 3677 2,
368 3621 392 3668 7.
410 3623 510 3684 copiose
529 3621 615 3671 ‹ioeuit
632 3623 711 3673 Gron.
753 3631 800 3668 tore
814 3625 881 3684 petito
894 3623 946 3680 iam
967 3626 1116 3667 intentantem
1130 3620 1231 3685 jussui.
1248 3638 1272 3669 e.
1290 3636 1346 3684 cap.

118 3679 152 3726 ad
176 3681 199 3728 b.
221 3682 239 3730 l.
263 3684 308 3743 qui
332 3691 424 3746 prater
445 3687 497 3734 alia
519 3686 575 3734 brec
597 3688 709 3735 nomvit:
753 3688 768 3735 9
789 3701 852 3735 extr.
886 3684 953 3732 Nam
974 3682 1022 3731 bec
1041 3699 1103 3733 casu
1120 3700 1174 3733 uon
1194 3686 1344 3735 abolebatur

117 3744 137 3770 ‘⁶
157 3740 219 3792 Dore
244 3747 270 3794 iu
294 3762 387 3809 genere
407 3749 480 3796 ictis
497 3758 545 3807 est,
567 3765 612 3813 per
632 3750 713 3799 tradi·
752 3751 856 3799 macula
884 3747 1011 3797 libertina
1041 3748 1213 3797 conditionis:
1240 3751 1344 3811 ideoque

117 3806 214 3855 tionem
230 3811 373 3859 dominium
395 3817 539 3861 transferre.
555 3830 578 3860 ι.
598 3814 616 3860 Ι.
632 3816 670 3862 75.
688 3817 711 3871 i.
752 3824 858 3862 cautum
875 3821 916 3861 est
931 3811 979 3859 hoc
997 3812 1074 3872 SCto,
1091 3821 1131 3874 ut,
1148 3814 1219 3874 quod
1229 3822 1289 3862 aute
1303 3816 1343 3873 ius

118 3870 165 3918 ult.
180 3872 210 3920 l).
229 3875 259 3922 de
275 3875 304 3922 V.
324 3878 354 3922 (l.
389 3877 477 3939 ltnque
494 3878 554 3923 datio
574 3885 614 3924 est
632 3877 712 3927 libera
752 3888 807 3926 erat
819 3877 973 3939 adquisitum
985 3875 1100 3939 llispalre
1116 3891 1162 3940 per
1178 3886 1343 3941 montempe-

116 3934 236 3998 iucultas,
253 3938 379 3986 bonorum
397 3941 450 3987 site
469 3941 561 4003 peculii
574 3941 709 3989 dominum
752 3941 830 4000 troni,
847 3956 926 4003 qutun
939 3947 1054 3987 straueret
1067 3940 1181 3988 libertini
1193 3942 1302 3999 ordinis,
1318 3940 1342 3988 id

116 3999 227 4049 faciendi
238 4003 317 4050 alium
332 4004 478 4061 traditione,
496 4005 634 4051 neminevi
645 4004 709 4065 luris
748 4008 804 4067 ium
823 4007 846 4052 ei
857 4010 1003 4067 conpeteret
1018 4004 1074 4064 iure
1086 4003 1228 4066 privilegii,
1245 4005 1341 4067 quoiu-

116 4068 709 4131 autpotcstatisautpatronatusintercedente.
751 4070 842 4131 gennis
869 4068 1028 4129 trepuubatur,
1062 4075 1199 4180 tauiepuatu
1236 4069 1342 4123 mulieri,

115 4123 242 4176 lieu-bunio
265 4130 420 4179 illustrandas
446 4140 472 4179 et
493 4131 630 4180 dilatandos
653 4148 709 4181 voc.
749 4148 807 4194 qure
836 4140 936 4180 mortuo
965 4133 1018 4179 viro
1040 4133 1069 4178 in
1095 4132 1193 4180 nulius
1221 4142 1341 4196 potestate

45 4222 55 4241 ι
114 4194 207 4240 dationis
223 4209 301 4242 causa
318 4195 432 4245 additur:
450 4211 510 4244 narn
529 4196 653 4244 trudendo
671 4197 707 4244 al·
749 4197 843 4245 esset.”
876 4196 944 4243 Nota
959 4194 1057 4243 Dulceri
1076 4205 1129 4243 est:
1152 4198 1171 4222 “
1185 4196 1340 4246 Gruuovium

116 4259 165 4305 teri
177 4258 317 4306 minuimus
329 4268 423 4306 nostra.
457 4259 535 4306 (initis
549 4261 638 4320 enuptio
656 4262 708 4321 (jus
749 4261 776 4308 in
792 4260 832 4317 iis,
849 4275 907 4322 quse
924 4257 965 4305 hic
982 4259 1014 4307 cle
1031 4258 1192 4322 Theophane
1211 4271 1239 4308 et
1255 4261 1341 4310 matri·

113 4322 241 4369 etittbcndi
253 4337 267 4368 e
279 4332 355 4383 gente
366 4338 413 4370 sua
424 4323 449 4371 in
463 4325 552 4383 uliam,
567 4334 593 4371 et
603 4323 706 4384 quidem
749 4324 842 4371 tunitils
861 4323 996 4381 clientum,
1012 4337 1063 4369 nou
1082 4323 1136 4371 siue
1153 4338 1281 4372 cnttsensu
1298 4340 1341 4386 pe·

112 4383 363 4443 b.l.honestiorem)
379 4388 707 4449 concessabocsiguiltcat,
748 4396 880 4435 tintinnum
903 4385 1095 4441 contrahendis,
1121 4388 1221 4447 scribit,
1247 4389 1340 4451 aliquid

114 4456 143 4494 ut
155 4448 210 4496 aliis
222 4464 299 4524 ‹punm
315 4448 413 4497 libertis
431 4453 470 4499 sui
492 4452 590 4514 pntroni
610 4459 655 4498 ιιιιι
674 4451 707 4499 li·
748 4451 854 4499 burnani
867 4464 972 4513 passum
987 4450 1120 4498 contendit
1138 4450 1250 4500 Fabrett.
1262 4454 1341 4501 luscr.

113 4509 191 4560 liertis
203 4527 242 4560 snt
251 4514 351 4574 patroni
364 4520 410 4560 aut
422 4515 518 4563 libertis
529 4514 614 4577 gentis
626 4515 705 4573 illius,
748 4530 770 4562 c.
780 4519 803 4563 ii.
820 4531 844 4578 p.
856 4517 911 4563 478.
945 4512 1019 4574 Quod
1035 4513 1067 4561 de
1085 4517 1164 4561 tutoris
1178 4518 1265 4577 nptiom
1282 4515 1340 4565 dicit

113 4578 187 4635 cujus
195 4576 357 4635 eratliberta‚
368 4578 392 4624 ei
404 4580 499 4627 tittbcre
507 4581 603 4628 liceret.
621 4578 665 4640 (ci.
675 4580 707 4626 acl
746 4577 847 4642 Livius,
864 4577 992 4640 explicant
1009 4576 1060 4625 lCti
1078 4593 1118 4641 np.
1133 4582 1222 4628 otton.
1237 4583 1264 4628 iu
1280 4580 1340 4628 diss.

111 4641 138 4696 i,
154 4643 179 4698 4,
198 4640 233 4693 li
278 4640 346 4688 lline
369 4655 428 4691 mox
450 4645 564 4692 additur:
591 4645 667 4705 ritiqrte
687 4646 708 4691 ei
747 4643 960 4706 deperpet.ie1u.
979 4649 1026 4689 tut.
1042 4641 1064 4704 i,
1083 4643 1121 4699 lii.
1154 4643 1340 4706 Sebulengmd

112 4704 394 4765 iugennounbrreiieerel:
411 4708 478 4769 quod
495 4707 608 4755 sciliilis
622 4707 706 4756 verbis
748 4705 852 4770 Ulpiani
870 4707 909 4754 tit.
930 4706 965 4754 ll.
984 4707 1007 4761 ᾖ.
1027 4705 1062 4751 lu.
1080 4714 1105 4754 ei
1128 4706 1251 4757 lirinecc.
1268 4710 1300 4756 ud
1311 4706 1340 4754 L.

113 4784 166 4816 nnn
188 4779 241 4817 erut
263 4771 322 4817 satis
339 4767 494 4831 expressa-nu
528 4772 625 4820 nitrum
649 4787 706 4819 vern
746 4769 799 4818 inl.
813 4782 837 4818 et
851 4770 912 4831 Pap.
923 4770 999 4831 Pupp
1010 4769 1035 4826 2,
1051 4768 1089 4817 ll.
1122 4772 1339 4834 Quodadultima

112 4846 165 4880 uon
183 4841 233 4890 est,
250 4835 363 4881 moribus
379 4835 551 4884 introducturus
571 4836 661 4893 inisse,
680 4844 707 4885 ut
747 4835 826 4882 verbu
848 4834 953 4890 aritiuet,
976 4833 1068 4881 sinon
1092 4833 1166 4884 licuit
1189 4835 1338 4885 mulieribus

104 4911 136 4946 es
152 4897 309 4951 auctoritate
324 4899 429 4965 patroni
446 4899 562 4964 eistadetu
577 4901 660 4966 gentis
674 4898 707 4953 li·
748 4898 884 4962 libertinis,
900 4897 981 4951 uuirro
994 4898 1105 4962 ingenui,
1123 4910 1338 4964 murmurosus,
