2790 5258
386 1027 993 1111 COMMENTARIUS

680 1201 720 1252 lN

460 1346 562 1414 LlVil
589 1342 759 1411 LIBRUM
773 1341 925 1408 XXXIV.

112 1721 186 1772 CAP.
205 1722 298 1786 1)-1.
315 1725 339 1771 in
357 1739 462 1789 maguum
481 1731 589 1772 courtier
606 1736 675 1772 ercu-
710 1719 774 1769 illud
793 1732 940 1782 prenomen
960 1732 976 1766 e
996 1723 1073 1780 geute
1096 1719 1176 1771 iunia
1195 1719 1308 1779 ulieuutn

78 1790 142 1846 terit,
160 1803 183 1835 v.
197 1789 229 1835 ad
240 1789 267 1845 3,
279 1788 321 1847 41,
335 1790 358 1837 6.
714 1784 840 1832 violentur.

113 1853 139 1900 2.
154 1851 182 1899 de
199 1850 271 1912 Oppia
287 1852 334 1916 loge
350 1851 485 1910 nti-manda,
503 1868 526 1898 v.
547 1852 580 1898 nil
597 1852 620 1907 4,
632 1850 675 1907 58,
745 1849 767 1893 5.
784 1851 841 1894 viros
857 1846 1005 1896 &uendentes
1024 1846 1054 1894 od
1063 1845 1156 1912 sonim,
1181 1864 1205 1898 r.
1228 1850 1261 1899 ud
1280 1855 1309 1914 2,

79 1915 123 1963 ιο.
138 1923 164 1963 ei
181 1917 220 1974 ro,
232 1917 273 1975 ss,
287 1920 311 1965 s.
345 1917 385 1964 cr.
398 1894 482 1964 inu.
496 1915 566 1963 trax.
577 1915 602 1973 9,
617 1915 640 1971 r,
651 1914 676 1960 e.
714 1911 755 1969 ss,
771 1913 808 1960 13.

79 1977 144 2027 Tac.
153 1979 221 2028 Asin.
231 1982 256 2036 3,
266 1982 306 2030 33.
317 1982 358 2029 34,
372 1979 447 2028 etio.
457 1975 675 2026 Guillollmanni
747 1977 769 2024 6.
792 1991 817 2023 ex
839 1974 921 2036 oppidis
944 1974 1141 2039 conciliabulisque,
1166 1991 1190 2025 v.
1211 1976 1244 2026 ad
1263 1981 1309 2040 25,

78 2040 151 2091 Diss.
169 2043 201 2092 de
218 2043 274 2104 iege
286 2043 378 2108 Oppio.
396 2042 447 2090 Fri.
463 2039 676 2090 adiumento.
716 2042 741 2098 5,
759 2042 784 2089 3.

78 2105 203 2154 Ceterum
213 2106 269 2155 brec
279 2108 320 2156 lex
329 2116 354 2156 et
364 2115 495 2155 certamen
507 2106 536 2154 de
550 2120 580 2152 ea
591 2111 674 2152 ortum
746 2104 768 2152 7.
786 2106 875 2151 minume
884 2103 1009 2150 eiorobilem
1026 2102 1121 2152 ananam
1137 2108 1224 2168 utique,
1239 2123 1263 2155 v.
1274 2105 1309 2159 nd

81 2169 153 2232 (can
168 2170 231 2230 l·8.)
246 2171 329 2228 docet,
347 2179 504 2233 quantopere
520 2173 574 2231 inm
592 2181 675 2215 mores
714 2167 741 2224 2,
753 2169 796 2227 30,
812 2170 842 2230 1.)
857 2169 963 2215 coeuntem
975 2168 1009 2215 M.
1021 2166 1125 2218 Porcium
1138 2170 1252 2232 Catonem,
1269 2173 1308 2218 vi·

79 2231 220 2293 buiusaevi
236 2231 675 2295 declinaverintaprisensimpliei-
714 2243 772 2278 rum
791 2240 816 2279 et
835 2231 1073 2294 eloquentissimum
1093 2243 1119 2282 et
1140 2234 1210 2282 luxui
1230 2236 1309 2283 mori·

79 2304 144 2344 tate.
176 2296 273 2345 Eodem
296 2303 413 2346 sectant
431 2296 502 2360 leges
525 2293 675 2345 sumtuurire
714 2293 812 2355 busque
824 2294 1076 2344 GraecisetAsiatlcis
1088 2296 1309 2359 inimicissimum,

79 2314 380 2424 summonuistis,
400 2358 508 2408 Metella
526 2375 549 2406 a.
564 2359 594 2406 V.
611 2360 678 2415 534,
714 2358 929 2419 notissimumque
953 2361 1087 2408 severitate
1111 2370 1136 2409 et
1159 2376 1259 2410 morum
1281 2369 1309 2413 et

81 2424 121 2485 (s.
137 2423 203 2472 Ptin.
217 2425 259 2484 35,
280 2424 330 2490 17.)
347 2423 443 2472 Orchia
455 2439 478 2472 n.
492 2426 549 2480 573,
572 2425 605 2485 (v.
618 2421 676 2468 Me-
715 2435 840 2480 censurae,
864 2423 906 2484 qui
929 2424 1041 2485 priscam
1067 2423 1258 2488 simplieitatem
1281 2428 1310 2477 iu

80 2487 154 2537 crob.
166 2488 218 2536 Set.
229 2491 256 2547 2,
270 2488 319 2550 13.)
335 2495 360 2536 et
371 2486 436 2536 uliae.
454 2504 476 2534 v.
487 2487 553 2534 Gell.
565 2488 590 2544 2,
603 2487 643 2535 24.
715 2486 835 2532 omnibus
847 2495 873 2534 ct
884 2487 910 2532 in
919 2502 949 2534 eo
959 2487 1035 2534 etium
1047 2489 1174 2546 servabat,
1184 2498 1214 2536 ut
1222 2490 1312 2538 inton-

116 2554 141 2602 3.
159 2549 282 2615 Neoliquo
297 2553 378 2600 mulier
387 2551 439 2612 plus
457 2566 536 2612 quam
547 2551 677 2598 semunciam
716 2560 759 2595 sus
778 2557 845 2596 esset
863 2558 940 2610 utque
957 2549 1089 2598 hirsutus:
1107 2552 1175 2599 unde
1189 2555 1274 2613 pruciis
1284 2563 1311 2603 et

80 2615 252 2675 nonnemo,
269 2618 494 2678 septiminum.
527 2615 565 2662 Cf.
582 2617 624 2675 26,
635 2616 676 2663 36.
714 2615 822 2659 renerius
831 2613 971 2662 dicebatur.
995 2613 1033 2660 Cl.
1046 2617 1145 2678 clsq.
1158 2617 1197 2665 13.
1215 2618 1257 2678 38,
1270 2619 1313 2668 54.

78 2689 127 2728 neu
136 2684 261 2731 sustinento
276 2683 398 2731 iniuriosi
412 2688 522 2739 uteretur,
539 2678 606 2738 qnod
619 2693 676 2738 ραν-
715 2677 757 2732 39,
770 2679 800 2723 40
811 2692 849 2739 sq.
868 2677 935 2725 Plut.
946 2678 1002 2726 cu.

77 2756 176 2807 pereum
186 2745 279 2794 dicitur
290 2761 345 2809 cap.
356 2748 379 2794 7.
401 2746 524 2806 (uticeque
540 2743 599 2790 suco
610 2744 678 2790 tinc-
748 2739 770 2787 8.
786 2756 827 2799 pro
844 2743 900 2804 tege,
921 2757 969 2803 que
987 2742 1142 2806 abrogabatur,
1161 2742 1311 2807 abroganda

81 2816 141 2858 tum
152 2823 172 2857 s.
184 2810 320 2870 iniectum]
334 2808 377 2856 sed
388 2811 444 2855 curii
456 2806 622 2856 colorisValer.
634 2805 675 2852 1.1.
715 2805 882 2864 censebatur;
911 2820 969 2866 quie
992 2813 1020 2851 ut
1042 2806 1210 2869 abrogaretur
1232 2809 1311 2859 multi

80 2871 156 2922 Nota
172 2871 273 2920 Dukeri
284 2880 338 2933 est3
358 2874 377 2900 “
389 2871 445 2920 Hoc
457 2881 517 2919 esse
526 2870 569 2916 Gr.
581 2866 678 2916 &ibiibi
716 2865 866 2915 suadebunt.
878 2883 901 2917 v.
913 2867 946 2914 ad
954 2869 980 2928 3,
992 2869 1035 2927 21,
1047 2872 1071 2918 3.

82 2935 188 2995 indecor,
206 2937 314 2993 verium,
331 2936 348 2983 i.
359 2950 381 2983 e.
399 2936 480 2983 varios
491 2934 588 2982 colores
600 2930 677 2978 simul

79 2996 193 3048 intextos
204 2999 312 3058 habens,
322 3007 411 3046 monet
419 2997 527 3046 Salmas.
537 2997 568 3044 od
579 2993 678 3056 Vopisc.
750 2991 820 3040 lJAl‘.
830 2995 864 3055 2.]
870 2995 925 3042 -l.
935 2995 1028 3044 retinere
1036 2997 1171 3055 instituisset,
1180 2997 1312 3062 voluisset,

82 3064 172 3112 Aurei.
187 3078 210 3110 c.
220 3063 261 3110 46.
281 3062 314 3110 cl.
333 3061 438 3110 Terent.
450 3062 516 3108 Euo.
527 3064 553 3116 4,
565 3062 590 3117 4,
605 3059 642 3105 16.
654 3063 680 3104 et
718 3055 865 3128 §induissem
875 3067 1001 3117 curasset,
1012 3061 1078 3109 eGr.
1090 3060 1247 3120 ἐπιτηδεύειν,
1256 3065 1313 3111 ‹ier-

82 3125 342 3175 easaubudnthen.
354 3126 379 3181 7,
393 3127 415 3173 6.
431 3126 474 3173 ubi
486 3123 583 3180 scribit,
602 3120 678 3168 versi·
717 3118 770 3164 utu·
784 3121 889 3182 geleiten
908 3120 982 3180 tutu,-
1005 3124 1097 3172 Bauer.
1137 3152 1171 3161 —
1192 3129 1312 3186 inpotentia

83 3190 183 3239 colores
197 3197 280 3237 vestes
291 3190 352 3238 olim
367 3188 503 3236 luxuriosis
516 3195 541 3235 et
552 3183 678 3247 inpudicis
716 3184 828 3244 mriiiebri,
846 3183 981 3234 mulierum
993 3185 1137 3248 insolentia,
1151 3191 1312 3243 inmoderate

81 3255 200 3317 proprios
222 3254 312 3311 luisse,
338 3261 415 3312 etque
438 3252 495 3298 ideo
517 3250 574 3312 lege
596 3247 679 3310 Oppia
718 3248 978 3308 cupiditate‚luxurin
987 3258 1012 3297 et
1023 3252 1170 3302 dominandi
1182 3255 1312 3318 cupidine,

82 3319 184 3367 uetitas.
218 3317 311 3363 Snnen
329 3317 362 3363 ud
375 3315 477 3363 Graecos
490 3314 613 3376 quosdam
627 3325 680 3358 non
721 3309 754 3370 (v.
767 3311 799 3359 ad
808 3315 834 3370 3,
845 3313 887 3370 36,
899 3312 935 3373 2.)
948 3314 1035 3361 iiber-toi
1045 3323 1126 3376 nostra,
1139 3318 1262 3378 virorum,
1272 3321 1312 3367 ob-

81 3381 134 3430 nisi
147 3381 294 3430 meretrices
305 3332 391 3427 svbwb
401 3387 526 3439 gestasse,
543 3392 572 3425 ex
585 3375 679 3423 Athen.
717 3377 800 3421 teritur
817 3385 838 3422 et
854 3377 963 3434 calcetur,
979 3393 1003 3425 v.
1020 3379 1052 3426 nd
1069 3381 1111 3437 23,
1130 3382 1172 3439 43,
1191 3381 1214 3429 6.
1233 3392 1259 3430 et
1277 3384 1313 3436 cf.

81 3447 127 3503 12,
144 3449 169 3492 4.
202 3443 323 3491 Suidn'in
341 3459 365 3490 v.
383 3442 505 3504 Ἑταιρῶν,
518 3448 544 3488 et
561 3438 681 3487 Ζάλευκος
718 3452 776 3488 mox
796 3447 849 3487 not.
869 3444 893 3488 4.
904 3440 1011 3505 sabulum
1027 3443 1131 3491 discebam
1150 3461 1201 3502 esse,
1230 3445 1310 3508 (qnod

82 3508 197 3571 ullisque
215 3506 326 3554 ostendit
345 3507 418 3554 Petit.
438 3505 490 3567 leg.
509 3505 562 3551 rltt.
578 3504 602 3564 6,
614 3507 637 3551 5.
654 3519 678 3566 p.
716 3516 758 3550 etse
768 3503 832 3551 lorte
844 3504 904 3564 del,
920 3507 981 3567 quia
992 3521 1051 3554 mox
1061 3508 1196 3574 repetitur)
1213 3512 1312 3560 virorum

84 3573 141 3622 476.
174 3570 223 3618 Sed
235 3569 318 3632 Oppio
330 3569 385 3617 baec
397 3569 497 3617 videtur
508 3581 588 3616 eausa
602 3567 679 3615 luisse
716 3582 854 3632 onzegemu
863 3571 888 3616 in
897 3569 972 3631 oliqrw
983 3572 1068 3628 insula,
1086 3573 1196 3636 Lemno,
1206 3577 1312 3635 conjura.

80 3635 237 3685 mulieribus
248 3633 298 3680 hnc
309 3640 379 3681 veste
391 3631 569 3688 interdicendi,
582 3645 679 3679 nemu·
717 3634 774 3680 tione
784 3634 885 3681 mulielui
894 3635 921 3681 ub
930 3637 997 3697 stirpe
1005 3635 1114 3683 siiblotuin
1121 3651 1176 3694 eur,-
1193 3655 1216 3688 v.
1224 3639 1310 3695 Valet.

82 3700 161 3749 lieres
179 3699 207 3747 ln
226 3697 330 3755 miserie
349 3704 375 3744 et
392 3696 479 3758 inopie
497 3694 616 3752 civitatis,
635 3711 680 3759 per
716 3697 754 3744 Fl.
776 3699 802 3755 2,
823 3699 940 3748 32-331.
967 3699 1085 3762 Apollon.
1107 3701 1131 3759 l,
1152 3703 1207 3752 609.
1223 3703 1312 3766 ibique

84 3777 164 3827 quam
186 3760 304 3809 omnium
332 3761 486 3823 privatorum
515 3759 630 3822 pecunie
653 3761 680 3807 in
717 3760 814 3818 Sobel,
833 3762 930 3824 Hygin.
941 3763 994 3811 lob.
1008 3765 1045 3812 15.
1056 3765 1112 3813 254.
1127 3774 1153 3814 et
1163 3766 1311 3834 Apollodor,

81 3840 163 3876 nsum
174 3825 318 3889 publicum,
335 3823 401 3885 quod
413 3823 529 3871 Valerius
540 3838 561 3869 c·
571 3825 594 3870 6.
606 3822 679 3882 dicit,
718 3823 742 3882 1,
755 3827 780 3883 3,
793 3825 886 3874 inubi
900 3827 1042 3890 cilieyne.
1068 3853 1102 3864 -
1116 3828 1224 3879 Abnuilo
1232 3848 1312 3896 genere

82 3891 215 3940 vertendae
228 3895 310 3947 erunt,
322 3887 458 3951 pecuniam
470 3887 497 3934 in
513 3894 605 3943 vestes,
623 3901 681 3947 ‹111oe
716 3903 771 3946 nou,
788 3888 821 3935 ab
838 3891 910 3937 omni
928 3905 1000 3948 sexu,
1017 3906 1070 3940 non
1085 3894 1161 3942 modo
1172 3895 1248 3955 virili,
1265 3899 1310 3949 sed

83 3956 145 4004 nliis
156 3954 316 4017 pretiosiores
328 3957 410 4009 erant,
423 3950 589 3997 effunderent.
611 3947 679 3996 Nam
717 3953 795 3999 etiem
808 3952 941 4016 muliebri3
958 3954 1042 4003 Druk.
1053 3954 1097 4019 qui
1109 3965 1135 4004 et
1145 3968 1202 4020 post
1213 3975 1257 4009 non
1266 3962 1313 4010 dg.

83 4021 107 4068 ni
128 4019 241 4066 Romani
259 4015 363 4064 omnino
382 4013 546 4061 versicoloria
565 4012 680 4061 honestis
716 4014 779 4063 levit
791 4015 956 4078 inportunum
975 4033 1041 4080 eque.
1073 4018 1167 4069 Boueri
1184 4032 1311 4076 notaeste

86 4083 191 4132 leminis
202 4096 254 4128 non
267 4078 403 4127 convenire
415 4077 614 4134 existimassent,
631 4091 680 4124 nec
702 4079 737 4124 .“
750 4078 777 4126 Si
787 4079 867 4127 verba
876 4080 905 4127 ab
913 4081 976 4128 uerbo
984 4097 1044 4144 eque
1050 4096 1132 4145 genere
1141 4086 1255 4148 suppleri
1264 4088 1312 4139 des

82 4140 682 4203 mutronaesibiusumeorumreddipetiissent,
718 4141 833 4189 siderant
850 4154 916 4206 uque
933 4163 948 4192 o
969 4147 1112 4202 mulionicam
1133 4149 1247 4210 prolecto
1267 4167 1312 4204 non

85 4225 136 4259 nec
147 4210 263 4257 tribunos
275 4207 309 4270 pl.
321 4205 451 4266 adjutores
464 4205 565 4253 odeum
577 4218 682 4266 recupe·
718 4206 854 4255 redundat.
885 4208 1008 4272 Alioquin
1028 4210 1138 4273 intelligi
1153 4218 1252 4274 potest:
1277 4219 1312 4268 nh

83 4275 199 4324 randum
209 4275 293 4320 nitetis
304 4269 423 4330 luissent,
442 4284 491 4316 nec
503 4269 567 4315 Cato
576 4266 626 4314 hoe
638 4282 681 4315 nr·
718 4268 789 4316 nullo
801 4284 894 4331 genere
904 4273 1039 4322 hominum
1050 4276 1167 4331 omnino,
1184 4289 1246 4341 ergo
1257 4288 1283 4330 et
1294 4297 1312 4333 a

87 4344 211 4403 gumento
232 4337 264 4384 od
285 4333 480 4398 inpugnandum
508 4332 602 4394 legem,
630 4343 683 4393 qun
718 4331 848 4382 muliebri.
880 4335 930 4385 Sed
944 4336 1009 4385 illud
1026 4337 1118 4399 aptius.
1151 4337 1224 4388 Forte
1240 4351 1266 4391 et
1282 4347 1313 4397 in

47 4410 50 4415 ’
83 4403 172 4467 Oppia
183 4397 368 4462 abrogabatur,
383 4397 422 4445 uti
432 4393 612 4457 neglexisset.”
716 4411 760 4444 uon
778 4406 930 4462 conruptum
950 4399 1013 4450 lutet
1028 4416 1083 4449 voc.
1100 4401 1239 4452 bominum.''
1273 4407 1312 4463 Ue

119 4471 145 4515 4.
161 4481 206 4514 oen
205 4467 288 4526 juncto
298 4463 371 4525 equis
381 4461 479 4509 retineto
493 4460 533 4523 (ut
543 4461 585 4518 42,
597 4459 636 4507 65.
648 4457 682 4510 el.
716 4459 795 4508 verbe
803 4463 928 4523 precedit.
937 4465 1028 4512 meiius
1038 4465 1145 4514 cumbis
1155 4466 1311 4534 cohereant,

84 4529 167 4582 ‘Gron
188 4530 262 4578 dietr.
284 4528 347 4576 Stat.
364 4542 388 4576 c·
405 4527 439 4588 9.)
457 4527 482 4573 in
500 4523 553 4570 urie
569 4525 680 4586 oppidove,
717 4524 856 4586 legendum
867 4528 981 4576 videtur:
999 4527 1044 4576 Seri
1057 4529 1085 4575 ab
1101 4531 1163 4578 iiullo
1178 4534 1256 4598 uiuus
1267 4550 1312 4601 gi.

84 4604 130 4646 'mit
146 4596 237 4657 propius
250 4593 304 4640 indo
316 4605 395 4654 quem
411 4590 472 4653 mille
486 4603 571 4649 penus,
588 4590 630 4636 nisi
646 4604 681 4635 ro·
717 4603 937 4638 nerenoummmum
943 4593 1166 4653 murratumutcet.

87 4677 177 4712 armum
190 4660 329 4722 pontionem
345 4671 421 4716 coum,
437 4655 560 4716 veheretur,
575 4667 600 4701 v.
611 4654 644 4702 ud
655 4655 682 4715 5,
749 4657 773 4703 2.
785 4669 837 4700 num
847 4658 1063 4718 utiumorepubiion
1069 4661 1098 4707 sit
1110 4659 1310 4730 (ν.ι(11,27,5.)

84 4727 168 4786 25,6.
200 4750 233 4761 -
249 4718 355 4771 M.ctP.
363 4713 432 4767 lunii
440 4717 518 4778 Bruti,
535 4726 564 4766 ut
576 4731 615 4780 ap.
625 4717 680 4766 Cic.
718 4718 753 4776 id,
769 4720 826 4781 queri
838 4719 900 4782 (lex,
911 4722 980 4784 quse)
1000 4725 1030 4772 od
1045 4740 1080 4772 oos
1085 4724 1179 4794 finer,
1192 4734 1262 4778 iutra
1272 4744 1314 4781 η,

87 4791 162 4844 Verr.
180 4789 207 4857 1,
226 4789 267 4842 50.
298 4788 348 4838 Pro
359 4784 471 4840 nnus.
482 4784 549 4849 eon]-
566 4779 598 4834 D.
615 4780 683 4848 quot
717 4785 870 4851 isimotioot,
886 4799 911 4838 ν.
922 4785 955 4839 nd
965 4788 990 4851 4,
1004 4789 1044 4852 15,
1055 4789 1077 4844 1.
